791 495 658 76 EDITORIAL

781 621 25 24 •
837 613 264 50 Commimity
1138 619 154 41 Actimi

781 690 25 25 •
836 681 191 50 Nnrsery
1069 684 149 45 School

782 762 25 22 •
1156 757 102 42 Test

5571 567 318 68 NEWS

5461 695 26 24 •
5516 683 114 40 Peak
5657 683 257 41 Enrollaicat

5460 752 25 24 •
5515 742 181 39 Grahaat
5731 741 192 41 Hoaotcd

5458 811 26 25 •
5513 800 120 47 Navy
5671 799 144 46 Flislit
5850 799 185 47 Pkvgrai

694 968 272 46 VOLUME
995 971 88 46 LV

2630 912 151 46 -TME
2805 914 179 45 ONLY
3008 913 299 46 COLLEGE
3329 912 207 49 DAILY
3559 914 77 44 IN
3661 914 136 44 THE
3819 914 403 47 SOUTHEAST-

1948 994 155 39 United
2133 996 125 40 Press

2638 1006 254 45 CHAPEL
2921 1006 162 52 HILL,
3107 1006 59 45 N.
3299 1005 313 53 TUESDAY,
3643 1006 165 46 JUNE
3842 1008 73 52 25,
3950 1009 119 43 1946

4500 1011 164 37 Editor:
4688 1011 151 36 F-3146
4862 1030 53 8 —
4938 1010 216 36 BnsiBess:
5176 1006 100 38 8641

5803 1004 232 47 NUMBE

673 1109 356 114 Naval
1083 1117 462 120 Reserve

673 1279 320 112 Gives
1047 1287 526 140 Training

673 1449 214 108 For
925 1455 534 134 Ex-pilots

754 1616 318 67 Carolina
1088 1624 162 62 Men
1265 1626 163 72 May
1445 1627 121 72 Fly

753 1698 96 63 At
877 1701 294 79 Norfolk
1199 1704 126 62 Air
1352 1706 175 61 Base

723 1812 174 40 Former
922 1815 124 46 Navy
1067 1816 127 46 pilots
1218 1830 52 27 on
1294 1820 72 39 the
1388 1833 172 36 campus

668 1882 94 27 now
788 1872 107 39 have
921 1885 55 26 an
1003 1878 273 48 opportunity
1300 1882 46 36 to
1373 1891 170 30 accumu172

670 1931 86 37 late
786 1931 132 47 flying
949 1934 101 39 time
1081 1937 85 37 and
1196 1937 52 39 be
1278 1941 101 44 paid
1409 1941 71 37 for
1513 1943 47 45 it,

669 1989 133 38 under
821 2004 27 25 a
867 2003 91 26 new
975 1992 102 45 plan
1097 1998 65 35 set
1179 2007 57 35 up
1256 1997 56 47 by
1330 1999 72 38 the
1422 2000 138 39 Naval

667 2048 81 36 Air
767 2049 164 37 Station
948 2051 42 37 in
1009 2052 191 40 Norfolk.
1231 2057 181 44 Captain
1429 2059 49 37 D.
1497 2060 62 38 W.

669 2106 175 44 Loomis,
873 2110 293 38 commandant
1190 2114 49 36 of
1263 2115 73 37 the
1365 2116 196 38 Carolina

668 2163 186 39 NROTC
893 2166 108 45 unit,
1039 2168 140 39 issued
1216 2183 27 25 a
1282 2172 79 37 call
1402 2173 159 47 Friday

666 2223 72 36 for
774 2223 118 38 those
929 2225 229 41 interested
1195 2231 82 36 and
1315 2231 164 46 eligible
1515 2237 44 34 to

666 2285 72 41 get
762 2282 71 38 the
858 2285 138 36 initial
1022 2288 309 42 questionnaire
1355 2291 112 36 from
1491 2293 67 36 his

667 2340 123 38 oflSce.

720 2407 87 38 The
826 2409 182 39 Norfolk
1026 2413 112 38 NAS
1158 2419 167 41 expects
1343 2420 46 34 to
1407 2417 105 39 have
1533 2429 26 26 a

665 2465 191 46 working
883 2469 288 44 organization
1200 2476 65 34 set
1292 2484 57 35 up
1376 2474 57 46 by
1458 2475 102 46 July

668 2525 35 41 1,
736 2524 103 35 with
874 2538 26 24 a
934 2528 106 35 total
1075 2529 47 34 of
1156 2531 48 35 50
1239 2531 146 44 planes
1419 2533 47 35 of
1500 2534 56 35 all

664 2587 122 39 types
813 2586 114 36 from
955 2587 133 36 F6F’s
1116 2592 44 33 to
1190 2589 136 37 SNJ’s
1352 2591 205 38 available

664 2642 72 36 for
753 2641 206 48 brush-up
976 2646 203 45 training.
1213 2648 117 38 Main
1349 2649 208 45 emphasis

666 2701 37 35 is
732 2701 146 43 placed
907 2715 53 24 on
989 2704 178 46 keeping
1195 2707 126 43 pilots
1351 2707 205 46 qualified,

664 2758 77 38 but
761 2759 119 40 there
902 2774 72 25 are
996 2762 88 38 also
1104 2764 234 43 provisions
1359 2765 70 38 for
1450 2778 89 26 war172

664 2821 121 33 rants
810 2820 82 37 and
917 2820 176 38 enlisted
1117 2834 107 26 men.

948 2900 68 38 No
1041 2901 137 44 Quota
1205 2903 74 39 Set

717 2956 275 40 Commander
1070 2958 215 48 Schnabel,
1362 2962 47 38 of
1483 2963 71 38 the

663 3015 187 40 NROTC
872 3017 276 46 department,
1168 3021 182 37 stressed
1370 3021 165 45 particu172

663 3073 112 45 larly
802 3075 96 38 that
927 3088 53 26 no
1010 3078 126 43 quota
1166 3077 78 39 has
1272 3078 103 39 been
1406 3081 65 37 set
1499 3080 56 46 by

662 3132 73 37 the
771 3133 179 38 Norfolk
984 3134 304 45 headquarters
1321 3137 72 38 for
1428 3137 108 40 Caro172

662 3190 100 44 lina,
788 3203 48 25 or
860 3191 70 38 for
956 3192 72 38 the
1053 3191 119 42 other
1195 3193 177 46 colleges
1397 3195 44 38 in
1467 3196 87 38 this

663 3262 113 24 area.
823 3250 135 38 Those
988 3245 195 50 ^-pilots
1215 3251 92 39 who
1339 3255 73 43 get
1442 3252 111 41 their

661 3310 333 45 questionnaires
1014 3311 43 36 in
1078 3310 95 38 first
1190 3311 85 38 will
1295 3311 107 39 have
1420 3324 26 27 a
1465 3311 70 41 bet172

661 3372 69 34 ter
745 3369 165 45 chance,
926 3370 202 44 although
1142 3371 120 36 there
1277 3372 37 35 is
1332 3383 26 24 a
1373 3372 181 45 priority

663 3432 167 41 system.
881 3430 145 35 Under
1061 3430 87 35 this
1186 3434 167 40 system,
1389 3431 165 36 combat

661 3491 196 33 veterans
887 3489 160 35 receive
1074 3490 256 44 preference,
1360 3489 192 37 followed

662 3545 56 47 by
738 3556 96 29 men
856 3546 104 39 with
984 3557 194 28 overseas
1203 3548 115 46 duty,
1344 3548 82 37 and
1450 3548 101 38 then

664 3605 222 38 American
908 3605 166 37 theater
1093 3609 208 34 veterans.

717 3683 210 45 Ex-flyers
948 3684 90 37 who
1061 3684 94 45 sign
1177 3697 56 34 up
1256 3685 70 38 for
1349 3685 87 39 this
1457 3698 77 33 pro172

663 3754 121 33 gram
809 3743 84 36 will
918 3743 51 37 be
993 3743 145 45 placed
1162 3744 44 37 in
1231 3743 72 39 the
1329 3743 222 46 organized

662 3813 202 31 reserves,
889 3801 103 36 with
1016 3802 73 35 the
1116 3804 239 36 announced
1380 3803 171 38 mission

662 3861 47 35 of
732 3860 283 44 maintaining
1038 3859 131 45 flying
1192 3861 83 37 and
1299 3860 164 38 combat
1487 3861 47 38 ef172

663 3920 183 42 ficiency.
882 3918 131 35 Pilots
1033 3918 85 35 will
1137 3918 51 37 be
1207 3919 195 44 expected
1423 3922 45 34 to
1487 3923 47 34 at172

662 3976 102 37 tend
796 3977 50 36 48
879 3975 120 37 drills
1030 3975 100 37 each
1162 3987 101 34 year
1295 3976 83 37 and
1411 3987 27 26 a
1468 3978 83 36 two

663 4033 150 38 week’s
834 4033 140 37 cruise
996 4033 44 35 in
1063 4032 71 36 the
1157 4044 191 27 summer.

716 4113 62 37 At
801 4112 111 39 least
936 4112 121 39 three
1083 4112 96 39 drill
1205 4114 165 45 periods
1397 4125 78 27 can
1502 4114 52 38 be

664 4172 188 38 crowded
905 4172 89 37 into
1033 4183 75 26 one
1145 4173 220 45 week-end,
1417 4172 134 39 which

665 4243 143 25 means
830 4231 97 37 that
950 4244 26 24 a
999 4231 199 37 reservist
1220 4232 133 37 would
1377 4231 106 38 have
1506 4234 44 36 to

668 4302 51 31 go
750 4294 45 32 to
828 4288 181 39 Norfolk
1040 4300 124 35 every
1195 4289 115 39 third
1341 4289 210 40 week-end

670 4349 84 35 The
779 4359 182 26 summer
983 4348 138 35 cmiise
1144 4349 37 35 is
1205 4351 44 34 to
1272 4348 51 37 be
1346 4348 127 37 taken
1499 4359 51 27 on

671 4417 28 22 a
716 4406 162 36 carrier
898 4416 58 25 or-
968 4403 143 37 at-tho
1130 4405 169 42 station,
1319 4404 234 44 depending

672 4474 49 23 on
757 4463 70 36 the
864 4465 112 33 state
1024 4461 138 36 where
1197 4461 190 43 training
1433 4461 120 37 takes

671 4521 125 43 place.

909 4600 87 44 Pay
1029 4598 119 39 Scale
1179 4598 140 37 Listed

721 4657 324 38 Remuneration
1081 4654 86 38 will
1204 4655 155 37 consist
1396 4654 46 37 of
1478 4665 75 27 one

671 4716 116 43 day’s
812 4727 86 33 pay
925 4716 72 35 for
1024 4713 101 38 each
1155 4713 96 37 drill
1280 4712 142 44 period
1448 4723 89 26 com172

670 4773 150 42 pleted,
839 4773 133 35 which
992 4772 43 35 in
1054 4770 72 36 the
1143 4780 145 26 course
1309 4769 46 36 of
1374 4779 25 26 a
1419 4768 135 38 school

669 4833 173 42 quarter
868 4828 146 38 should
1039 4829 172 35 amount
1234 4828 44 34 to
1304 4825 125 36 about
1455 4825 98 43 $100

668 4890 71 34 for
775 4900 25 23 a
833 4888 105 45 pilot
970 4886 103 37 with
1106 4884 73 37 the
1212 4884 130 44 grade
1376 4884 45 36 of
1453 4883 83 38 lieu172

670 4951 160 33 tenant.

724 5013 96 37 Men
854 5012 227 38 interested
1114 5011 44 38 in
1191 5011 163 44 joining
1386 5010 72 38 the
1490 5022 47 26 or172

670 5073 174 44 ganized
873 5082 187 26 reserves
1088 5081 73 26 are
1189 5069 156 37 invited
1372 5070 44 36 to
1444 5078 112 28 come

670 5133 57 42 by
745 5131 72 36 the
840 5132 180 41 Armory
1041 5140 82 32 any
1143 5129 94 43 day.

725 5196 133 39 Those
893 5196 92 37 who
1020 5195 83 37 feel
1140 5195 101 44 they
1276 5196 151 34 cannot
1462 5195 93 42 give

670 5255 163 44 enough
884 5255 101 36 time
1024 5263 73 26 are
1147 5253 130 43 urged
1328 5255 44 32 to
1410 5252 145 42 inqure

671 5310 144 41 about'
825 5313 165 44 joining
1016 5311 70 37 the
1114 5311 214 36 volunteer
1356 5318 198 33 reserves,

671 5385 26 23 a
741 5371 197 43 stand-by
980 5368 285 44 organization
1309 5367 160 36 similar
1510 5369 46 34 to

669 5429 195 45 previous
889 5425 244 47 peace-time
1159 5435 164 28 reserve
1351 5424 152 37 outfits.

669 5567 78 80 Y
783 5563 296 84 Heads
1113 5557 386 86 Selected

665 5701 124 84 To
823 5693 326 90 Attend
1183 5691 304 116 ^hool

721 5837 178 36 Carlisle
935 5834 192 42 Cashion,
1160 5831 213 46 president
1407 5829 45 35 of
1485 5828 71 37 the

669 5896 165 35 YWCA
870 5893 177 40 cabinet,
1086 5891 81 35 and
1207 5887 161 37 Donald
1406 5886 149 41 Broad,

667 5953 216 46 president
906 5951 46 36 of
973 5950 73 36 the
1069 5948 159 36 YMCA
1250 5945 177 42 cabinet,
1451 5942 104 37 have

668 6013 103 37 been
793 6009 176 39 selected
988 6008 55 45 by
1063 6007 71 36 the
1154 6009 83 33 two
1258 6004 64 35 ‘Y’
1343 6001 195 44 organiza172

668 6072 112 36 tions
810 6073 44 34 to
886 6069 217 44 represent
1133 6065 71 36 the
1236 6061 244 42 University
1511 6058 46 37 of

671 6128 137 39 North
843 6125 196 40 Carolina
1073 6125 46 36 at
1152 6123 71 37 the
1257 6121 138 37 Union
1431 6118 108 36 Theo172

665 6187 151 45 logical
852 6185 218 42 Seminary
1102 6180 218 38 President
1352 6176 204 43 Training

668 6245 145 39 School
845 6245 43 36 in
922 6243 102 37 New
1057 6240 114 37 York
1202 6238 97 45 City
1330 6234 226 44 beginning

666 6305 103 43 July
790 6305 36 42 5,
850 6302 112 37 1946.

722 6359 227 47 Composed
987 6357 46 39 of
1069 6354 234 48 presidents
1342 6352 110 36 from
1491 6349 65 36 ‘Y’

667 6419 312 46 organizations
996 6413 257 46 throughout
1271 6411 71 38 the
1362 6412 103 42 east,
1484 6408 73 37 the

670 6479 136 38 school
831 6478 191 46 present*
1048 6486 26 26 a
1098 6472 65 38 six
1185 6470 136 39 weeks
1344 6477 144 30 course
1513 6466 43 37 in

670 6538 159 37 YMCA
872 6537 83 36 and
997 6532 165 39 YWCA
1207 6526 348 42 administration,

667 6597 215 45 president
898 6592 203 43 training,
1119 6589 83 38 and
1219 6587 114 39 work
1351 6587 43 36 in
1415 6584 122 38 Chris172

666 6657 92 34 tian
785 6655 82 37 and
894 6650 126 39 social
1046 6648 149 38 action.

1610 1126 920 204 University
2634 1146 472 160 Press

1610 1362 488 164 Gains
2202 1370 488 164 Great
2794 1378 476 160 Fame

1686 1594 270 66 Started
1981 1599 70 61 in
2079 1601 154 63 1923
2257 1603 161 63 with
2443 1605 155 64 Two
2621 1606 331 76 Volumes,
2979 1609 199 62 Press

1687 1677 167 63 Now
1876 1680 337 64 Numbers
2234 1684 139 73 Top
2395 1686 220 62 Books
2636 1688 71 60 in
2732 1688 251 73 Selling
3006 1690 177 61 Lists

2255 1798 75 56 By
2360 1798 162 45 Burke
2554 1799 197 56 Shipley

1667 1894 402 59 Approximately
2099 1900 59 44 24
2187 1913 144 42 years
2361 1915 92 41 ago
2482 1904 85 45 ten
2595 1903 188 56 faculty
2814 1905 239 46 members
3083 1907 54 44 of
3166 1906 85 47 the
3283 1905 95 47 Uni172

1606 1967 189 53 versity
1819 1969 193 45 formed
2037 1985 65 30 an
2126 1974 332 51 organization
2486 1974 83 46 “to
2593 1976 140 44 make
2760 1989 133 33 more
2919 1977 223 46 effective
3170 1979 84 45 the
3281 1976 96 56 pub172

1604 2035 199 47 lication
1832 2041 54 43 of
1914 2040 66 45 its
2011 2042 246 54 scientific,
2288 2044 250 46 historical
2569 2047 95 43 and
2694 2045 201 58 literary
2926 2049 158 45 works
3115 2048 64 53 by
3211 2048 188 51 issuing

1605 2106 137 45 them
1771 2110 153 45 under
1949 2112 85 44 the
2062 2112 203 54 imprint
2290 2116 53 43 of
2370 2116 68 44 its
2464 2128 105 32 own
2598 2117 189 51 Press,”
2817 2119 155 44 which
3002 2118 193 45 became
3223 2119 173 44 known

1604 2191 56 30 as
1685 2177 85 45 the
1798 2179 286 56 University
2109 2182 158 47 Press.
2327 2185 100 44 The
2454 2184 144 46 Press
2626 2185 89 45 has
2742 2197 166 39 grown
2937 2188 206 55 steadily
3171 2188 129 47 from
3330 2189 64 42 its

1604 2250 188 45 modest
1811 2253 148 45 effort
1978 2255 51 44 in
2049 2256 118 43 1923
2186 2257 54 43 of
2259 2270 29 30 a
2306 2256 124 44 total
2448 2256 52 43 of
2520 2259 96 41 two
2636 2256 162 45 books.
2852 2258 44 44 It
2916 2259 89 44 has
3026 2259 120 44 been
3166 2258 228 46 accorded

1599 2321 186 39 national
1817 2325 272 46 prominence,
2120 2327 76 38 but
2228 2330 85 36 still
2347 2332 46 34 at
2425 2331 57 36 its

1599 2378 117 39 home
1744 2380 70 39 the
1844 2383 123 38 Press
1996 2384 36 37 is
2062 2395 55 27 an
2144 2386 205 39 unknown
2380 2388 83 38 Uni172

1598 2437 159 44 versity
1778 2438 203 39 function.

1651 2506 119 35 Since
1808 2508 112 43 1922,
1954 2509 71 36 the
2062 2510 244 46 University
2343 2513 135 43 Press,

1596 2561 171 47 located,
1785 2563 100 39 then
1903 2566 83 37 and
2003 2576 103 36 now,
2125 2567 42 36 in
2187 2568 162 46 Bynum
2368 2570 110 44 Hall,

1596 2621 77 37 has
1701 2622 193 39 achieved
1921 2626 260 43 prominence
2208 2628 69 37 for
2306 2629 55 36 its
2390 2632 71 33 not172

1596 2680 92 36 able
1721 2681 205 47 scholarly
1957 2685 299 38 contributions
2289 2698 171 25 concern172

1596 2740 73 42 ing
1684 2740 70 35 the
1772 2740 142 44 South,
1930 2753 48 24 as
1992 2742 91 36 well
2099 2754 47 24 as
2162 2744 42 35 in
2220 2756 126 31 many
2361 2746 117 35 other

1595 2798 129 43 fields,
1747 2799 99 35 such
1869 2812 47 23 as
1939 2801 355 37 Inter-American
2317 2804 160 40 affairs,

1595 2854 217 47 sociolog^y,
1841 2858 157 38 science
2026 2860 82 35 and
2136 2861 235 37 economics.

1647 2923 86 37 The
1759 2924 189 46 primary
1974 2937 179 34 purpose
2180 2929 47 37 of
2253 2929 71 39 the
2354 2930 122 37 Press

1593 2981 124 37 —the
1748 2982 310 40 dissemination
2090 2985 46 37 of
2164 2985 238 47 knowledge
2433 2987 42 37 in

1593 3052 25 25 a
1639 3040 210 44 palatable
1870 3042 239 40 form—^has
2129 3043 102 40 been
2252 3044 150 47 upheld
2422 3045 54 46 by

1592 3099 56 36 its
1668 3111 220 27 numerous
1907 3101 282 40 non-fictional
2207 3104 147 45 works,
2374 3104 102 38 with

1592 3157 208 42 emphasis
1818 3170 52 25 on
1888 3158 117 39 those
2024 3160 48 37 of
2091 3160 205 39 Southern
2316 3162 140 44 region172

1593 3214 40 37 al
1653 3214 276 44 significance.
1962 3216 182 39 Howard
2164 3218 166 38 Odum’s
2349 3218 108 39 “Sou172

1591 3272 124 38 thern
1753 3273 216 45 Regions,”
2007 3274 37 38 is
2081 3287 77 26 one
2195 3277 46 37 of
2276 3277 72 38 the
2384 3276 91 39 best

1591 3334 147 35 known
1767 3334 42 35 in
1837 3334 73 36 the
1935 3334 95 37 field
2057 3335 46 36 of
2130 3334 214 47 sociology.
2429 3344 16 18 *

1645 3402 63 38 On
1738 3404 198 45 occasion,
1968 3414 26 26 a
2021 3405 305 44 distinguished
2355 3406 118 36 novel

1591 3471 47 28 or
1662 3461 181 39 fictional
1866 3462 104 37 book
1993 3463 37 36 is
2055 3463 163 37 deemed
2242 3465 163 45 worthy
2429 3466 46 34 of

1590 3519 272 46 publication;
1904 3521 72 36 the
2015 3521 95 37 first
2147 3523 47 36 of
2231 3523 117 37 these
2386 3532 87 27 was

1590 3578 166 44 printed
1780 3579 43 37 in
1849 3580 112 45 1940,
1985 3580 45 38 “I
2056 3580 110 39 Rode
2191 3581 114 38 With
2332 3582 124 38 Stone172

1589 3636 134 43 wall,”
1743 3636 55 46 by
1818 3636 144 47 Henry
1982 3638 50 38 K.
2055 3637 195 46 Douglas.
2285 3639 68 37 All
2374 3639 98 44 toW,

1588 3707 115 25 more
1721 3694 103 38 than
1845 3697 74 36 500
1938 3696 183 37 volumes
2142 3696 104 39 have
2267 3697 207 44 appeared

1590 3753 132 38 under
1744 3752 71 39 the
1840 3753 239 46 publishing
2102 3753 126 39 house
2252 3755 148 37 known
2425 3765 48 27 as

1589 3813 71 36 the
1682 3812 245 44 University
1947 3813 136 36 Press.

1846 3893 157 37 Wilson
2031 3893 188 37 Director

1641 3951 103 35 Now
1794 3951 133 35 under
1978 3950 69 35 the
2101 3951 271 42 directorship
2426 3951 45 34 of

1591 4008 178 36 Thomas
1788 4007 40 38 J.
1850 4007 169 44 Wilson,
2039 4007 71 37 the
2133 4007 122 37 Press
2278 4008 37 35 is
2335 4008 43 36 in
2400 4007 71 36 the

1588 4075 166 36 process
1780 4065 46 36 of
1851 4065 236 44 expanding
2112 4065 71 36 the
2209 4066 189 34 function
2426 4066 45 33 of

1590 4125 56 36 its
1676 4123 109 38 sales
1811 4124 84 37 and
1925 4123 258 45 advertising
2209 4124 263 44 department

1589 4182 101 39 with
1724 4182 158 46 George
1916 4182 46 38 F.
1997 4181 151 39 Scheer
2179 4193 48 26 as
2259 4191 210 34 manager.

1590 4242 100 37 Mrs.
1701 4241 125 45 ^lice
1844 4241 46 38 T.
1910 4240 140 45 Paine,
2070 4251 46 26 as
2136 4239 334 45 editor-in-chief,

1591 4299 233 46 supervises
1855 4299 70 38 the
1958 4299 101 37 staff
2090 4298 101 38 with
2223 4298 69 38 the
2324 4298 70 45 job
2426 4298 46 36 of

1785 4357 76 38 See
1890 4356 187 45 PRESS,
2107 4367 106 34 page
2242 4359 37 38 4.

1593 4493 312 82 SCHW
1955 4491 460 84 Schedules

1593 4625 328 84 Officer
1971 4625 380 82 Election

1591 4761 480 80 Tomorrow
2123 4761 274 96 Night

1648 4894 183 36 Election
1857 4894 46 37 of
1927 4906 89 25 new
2040 4894 155 37 officers
2220 4893 83 37 will
2329 4893 48 39 be
2402 4894 71 37 the

1593 4954 113 36 main
1730 4952 188 38 business
1943 4952 46 38 of
2012 4952 71 38 the
2106 4963 170 35 campus
2301 4952 170 45 chapter

1594 5012 46 37 of
1668 5012 71 36 the
1771 5011 205 38 Southern
2005 5011 251 37 Conference
2286 5011 69 36 for
2386 5010 68 37 Hu172

1595 5081 96 26 man
1719 5068 185 40 Welfare
1931 5069 132 37 which
2091 5068 116 38 holds
2236 5069 55 36 its
2319 5068 154 45 weekly

1594 5129 181 43 meeting
1802 5130 217 35 tomorrow
2048 5127 175 45 evening
2252 5130 45 34 at
2326 5129 22 35 7
2378 5138 92 34 p.m.

1595 5187 42 34 in
1656 5186 70 36 the
1744 5185 116 44 Baby
1877 5186 166 42 Lounge
2060 5185 45 36 of
2123 5183 182 38 Graham
2324 5186 130 34 Memo172

1597 5243 93 42 rial,
1727 5243 237 36 announced
2002 5242 83 36 Bob
2124 5242 178 44 Gurney,
2339 5242 115 36 chair172

1593 5312 109 26 man.

1647 5359 73 35 “In
1744 5359 120 35 order
1885 5361 42 33 to
1949 5359 190 36 continue
2161 5358 100 35 with
2284 5369 75 24 our
2381 5369 74 32 pro172

1596 5427 119 34 gram
1749 5416 46 35 of
1829 5416 181 43 political
2046 5415 136 35 action
2218 5415 151 41 during
2403 5415 69 35 the

1598 5484 190 31 summer,
1816 5475 35 34 it
1877 5475 36 33 is
1941 5472 194 36 essential
2162 5472 95 35 that
2282 5484 60 22 we
2370 5471 103 35 have

1597 5533 70 36 the
1697 5532 80 36 full
1808 5532 258 44 cooperation
2098 5530 46 35 of
2173 5530 98 36 both
2303 5542 75 23 our
2409 5528 63 36 old

1596 5590 199 35 members
1808 5590 81 34 and
1903 5600 81 32 any
1995 5599 90 23 new
2099 5588 187 34 students
2298 5587 90 34 who
2402 5599 71 23 are

1598 5647 223 38 interested
1855 5648 42 35 in
1931 5647 99 37 such
2064 5646 209 44 activity,”
2308 5645 165 42 Gumey

1597 5706 102 38 said.

1647 5763 128 38 Plans
1792 5774 106 26 were
1914 5763 118 36 made
2050 5765 45 33 at
2110 5762 71 37 the
2197 5761 84 36 last
2296 5762 178 41 meeting

1597 5822 70 37 for
1686 5821 69 37 the
1776 5820 129 38 closer
1924 5821 260 43 cooperation
2203 5818 180 37 between
2404 5818 70 36 the

1596 5880 102 36 local
1727 5879 170 43 chapter
1926 5879 77 35 and
2034 5878 70 36 the
2132 5877 169 45 chapter
2329 5880 47 33 at
2404 5877 69 35 the

1596 5937 134 36 North
1765 5935 191 37 Carolina
1990 5934 164 43 College
2187 5934 69 36 for
2289 5934 183 42 Negroes

1597 5996 80 36 and
1715 6005 25 25 a
1779 5994 231 36 committee
2048 6002 85 26 was
2175 5991 216 45 appointed
2431 5993 43 32 to

1597 6054 163 37 contact
1782 6051 70 38 the
1877 6050 139 44 Negro
2042 6049 259 44 Community
2325 6047 149 38 Center

1596 6114 42 41 in
1674 6109 213 39 Carrboro.
1923 6107 85 38 The
2043 6117 129 33 group
2207 6107 36 36 is
2280 6106 194 43 studying

1596 6171 118 45 plans
1743 6169 69 36 for
1841 6168 71 37 the
1940 6164 279 46 presentation
2250 6164 45 36 of
2325 6164 129 44 promi172

1596 6232 99 33 nent
1717 6228 139 41 Negro
1878 6224 198 37 lecturers
2098 6223 79 36 and
2201 6221 272 37 entertainers

1597 6287 147 41 during
1775 6284 68 37 the
1874 6283 98 35 next
2000 6278 169 45 regular
2197 6278 135 38 school
2363 6287 110 34 year.

1649 6345 41 34 It
1741 6351 87 26 was
1882 6335 236 40 announced
2171 6335 94 36 that
2320 6333 153 37 Perrell

1598 6405 151 42 Payne,
1771 6395 317 41 vice-chairman
2109 6391 83 39 will
2212 6391 173 39 conduct
2404 6390 70 38 the

1596 6461 181 43 meeting
1804 6468 47 26 as
1880 6455 167 42 Gumey
2072 6451 84 37 will
2182 6451 50 37 be
2259 6451 43 36 in
2329 6449 127 38 Wash172

1599 6523 143 43 ington
1774 6513 288 49 representing
2091 6510 71 38 the
2193 6508 283 46 organization

1597 6583 46 35 at
1659 6579 71 37 the
1748 6574 182 39 NCPAC
1950 6569 142 40 School
2110 6569 46 36 of
2174 6566 186 39 Political
2379 6568 79 35 Act172

1596 6640 67 36 ion
1689 6634 264 43 Techniques.

673 6783 520 106 Summer
1213 6771 414 128 Bridge
1665 6761 812 110 Tournaments

685 6951 148 104 To
883 6949 206 108 Get
1151 6941 622 118 Underway
1835 6925 588 124 Thursday

884 7113 62 43 By
979 7109 114 45 Sally
1126 7105 214 40 Woodhull

722 7172 223 47 Duplicate
977 7167 145 44 bridge
1158 7164 287 38 tournaments
1483 7170 72 27 are

668 7235 126 44 being
819 7228 95 40 held
940 7225 155 45 weekly
1121 7224 44 37 in
1194 7222 183 39 Graham
1405 7219 134 37 Memo172

664 7294 80 39 rial
774 7293 181 42 Lounge,
983 7287 226 42 beginning
1233 7287 50 33 at
1310 7281 92 38 7:30
1432 7291 39 32 p.
1500 7289 53 26 m.

669 7351 223 44 Thursday
927 7344 157 47 nights,
1121 7342 82 37 and
1240 7335 224 49 sjaonsored
1501 7335 54 46 by

665 7412 73 39 the
753 7408 198 41 Carolina
967 7403 152 44 Bridge
1135 7397 274 43 Association,
1424 7392 131 39 under

666 7471 72 38 the
761 7466 201 41 direction
986 7463 47 38 of
1056 7459 173 40 Charles
1253 7457 62 38 W.
1340 7453 214 40 Woodson.

665 7532 176 44 Anyone
853 7526 37 39 is
903 7520 164 50 eligible
1080 7522 43 36 to
1136 7518 98 48 play
1246 7517 43 38 in
1302 7515 72 38 the
1386 7516 152 35 tourna172

666 7593 157 41 ments;
854 7585 170 48 players
1051 7590 75 29 are
1152 7575 181 48 charged
1363 7574 48 38 10
1440 7575 116 36 cents

666 7649 117 45 each,
820 7645 85 40 and
940 7642 72 39 the
1048 7636 195 49 proceeds
1280 7643 75 30 are
1392 7631 162 40 divided

666 7720 151 34 among
838 7707 71 37 the
929 7699 187 44 winning
1136 7701 146 35 teams.

714 7764 200 40 National
944 7759 158 43 Rating
1130 7755 151 47 points,
1310 7746 242 45 authorized

662 7830 56 44 by
764 7827 73 35 the
883 7819 223 40 American
1154 7813 200 40 Contract
1401 7805 153 47 Bridge

662 7889 177 44 League,
867 7894 72 29 are
966 7877 140 41 issued
1131 7880 44 34 to
1202 7872 178 39 winners
1408 7867 47 40 of
1480 7866 71 40 the

661 7945 159 48 weekly
835 7940 301 41 tonmaments.
1169 7934 101 36 Lasv
1287 7931 114 37 week
1414 7940 22 26 s
1452 7936 83 28 win172

657 8018 114 34 ners,
828 8001 175 42 Charles
1061 7993 203 40 Woodson
1321 7986 85 40 and
1462 7982 86 42 Bob

659 8066 148 44 Hurst,
835 8061 103 39 each
965 8055 187 40 received
1182 8054 50 36 10
1256 8049 153 47 points,
1437 8043 111 41 since

657 8127 120 37 there
805 8132 110 29 were
942 8118 100 38 four
1070 8112 135 39 tables
1233 8102 315 54 participating.

657 8186 50 37 In
734 8179 292 43 tournaments
1051 8172 103 39 with
1181 8183 27 26 a
1235 8168 172 47 greater
1431 8172 101 29 num172

654 8245 76 37 ber
750 8243 48 38 of
817 8239 136 41 tables
973 8233 187 49 playing,
1180 8239 114 28 more
1314 8224 139 47 points
1475 8230 73 31 are

656 8301 152 42 issued.
841 8299 65 47 By
924 8290 310 45 accumulating
1253 8286 74 38 100
1348 8277 200 44 National

1593 7097 156 43 Rating
1769 7095 154 41 Points,
1944 7104 25 24 a
1989 7091 143 44 player
2152 7101 96 33 may
2268 7087 155 36 receive
2444 7097 26 24 a

1594 7155 143 44 rating
1762 7152 46 37 of
1836 7153 158 36 Master
2019 7149 110 36 from
2155 7147 71 37 the
2253 7144 218 39 American

1594 7214 198 38 Contract
1817 7209 153 45 Bridge
1996 7208 173 43 League,

1895 7266 275 46 Opportunity

1644 7330 125 37 “This
1810 7328 36 38 is
1898 7338 54 26 an
1991 7322 282 47 unpaialleled
2325 7329 129 36 oppor172

1595 7390 141 45 tunity
1763 7388 70 37 for
1862 7385 194 39 Carolina
2086 7382 189 37 students
2303 7379 99 37 both
2431 7380 43 33 to

1595 7449 184 45 improve
1809 7445 111 38 their
1950 7441 144 46 bridge
2126 7440 84 37 and
2240 7442 45 33 to
2314 7437 159 37 become

1595 7507 121 37 rated
1750 7504 146 43 bridge
1931 7497 204 50 players,”
2173 7496 91 39 said
2302 7494 171 39 Charles

1595 7566 214 41 Woodson,
1826 7563 190 37 director.
2046 7556 71 39 “If
2131 7567 81 35 you
2227 7553 107 40 have
2348 7561 125 30 never

1592 7626 149 47 played
1769 7623 209 46 duplicate
2005 7617 144 44 bridge
2177 7614 155 45 before,
2359 7620 112 30 come

1592 7690 47 34 at
1662 7684 99 39 7:15
1785 7685 44 35 t#
1851 7680 158 38 receive
2033 7689 26 25 a
2083 7677 84 35 few
2190 7670 280 41 instructions.

1593 7745 101 48 The,
1710 7741 287 39 tournaments
2029 7737 124 43 bepn
2184 7730 209 49 promptly
2426 7730 47 35 at

1592 7803 99 40 7:30
1716 7800 83 40 and
1823 7809 73 27 are
1920 7795 165 44 usually
2109 7804 98 25 over
2228 7791 56 44 by
2311 7785 160 46 10:30,”

1592 7860 199 41 Woodson
1815 7856 144 39 added.

1643 7919 51 41 In
1711 7916 185 43 addition
1914 7917 45 36 to
1975 7912 71 39 the
2066 7910 169 46 regular
2255 7903 218 44 Thursday

1589 7978 176 48 evening
1810 7974 300 41 tournaments,
2156 7970 72 35 the
2276 7964 195 38 Carolina

1590 8039 154 46 Bridge
1789 8032 261 42 Association
2094 8029 85 37 will
2226 8035 172 37 sponsor
2444 8033 25 25 a

1589 8097 154 50 special
1795 8093 266 39 tournament
2099 8099 100 26 once
2250 8097 26 24 a
2315 8080 154 44 month,

1587 8156 134 42 which
1741 8153 84 42 will
1848 8151 142 41 award
2012 8159 77 28 one
2108 8148 158 36 master
2287 8142 118 46 point
2426 8140 43 36 to

1587 8218 73 38 the
1687 8215 180 40 winners
1896 8210 82 38 and
2008 8209 49 37 75
2087 8203 199 41 National
2315 8199 157 43 Rating

1589 8275 143 40 Points
1753 8276 45 35 to
1818 8271 71 39 the
1910 8275 265 35 runners-up.

2591 3602 168 38 Former
2799 3602 119 48 Navy
2960 3604 243 40 Lieutenant
3242 3607 46 38 T.
3327 3607 39 38 J.

2540 3659 165 43 Wils<m,
2731 3659 73 43 III,
2830 3660 238 47 University
3093 3661 121 40 Press
3239 3663 109 38 direc172

2539 3721 78 37 tor,
2641 3718 36 36 is
2702 3718 104 37 head
2828 3719 46 37 of
2898 3731 76 25 one
2996 3720 46 36 of
3066 3720 71 38 the
3159 3725 108 34 most
3291 3722 74 36 im*

2538 3778 168 41 portant
2762 3779 71 41 yet
2887 3776 108 39 least
3049 3777 146 39 known
3250 3779 114 38 func<

2540 3835 107 36 tions
2676 3847 52 24 on
2756 3836 71 35 the
2855 3847 179 31 campus.

2509 3965 382 104 Board
2919 3965 474 128 Accepts

2511 4127 276 124 $600
2827 4127 486 132 Subsidy

2511 4297 334 106 From
2907 4297 486 130 Phillips

2562 4460 40 35 A
2623 4470 178 26 summer
2821 4460 135 36 school
2976 4460 168 45 subsidy
3163 4463 46 34 of
3228 4462 99 44 $600
3348 4466 43 32 to

2512 4516 50 37 be
2579 4520 123 41 spent
2719 4527 50 26 on
2789 4517 169 37 student
2976 4518 322 36 entertainment
3315 4519 76 36 has

2512 4575 101 36 been
2645 4576 179 44 granted
2856 4580 44 32 to
2959 4576 182 36 Graham
3176 4576 213 37 Memorial

2513 4633 178 39 Student
2711 4633 139 38 Union
2869 4634 55 46 by
2944 4635 93 45 Guy
3057 4634 47 37 B.
3125 4634 186 46 Phillips,
3331 4635 42 35 di172

2514 4694 137 34 rector
2685 4691 46 37 of
2767 4692 71 37 the
2872 4703 181 26 summer
3089 4692 147 44 school,
3273 4693 116 35 Dean

2513 4749 159 36 Mackie
2686 4750 238 36 announced
2937 4750 219 44 yesterday
3170 4753 45 33 at
3229 4762 25 24 a
3267 4753 108 33 meet172

2512 4806 73 43 ing
2602 4807 46 35 of
2665 4807 71 35 the
2755 4806 183 38 Graham
2958 4806 212 37 Memorial
3191 4807 135 37 Board
3345 4807 45 36 of

2510 4862 225 38 Directors.

2562 4921 87 37 The
2680 4933 146 33 money
2856 4921 84 38 will
2972 4921 49 38 be
3053 4921 161 38 divided
3246 4920 142 45 evenly

2510 4980 70 38 for
2601 4981 71 37 the
2694 4984 83 34 two
2799 4992 179 26 summer
2999 4983 142 43 terms,
3163 4979 103 39 with
3288 4978 99 46 $300

2510 5038 153 38 dollars
2685 5050 25 26 a
2730 5042 108 35 term
2857 5040 127 45 going
3002 5038 181 39 towards
3202 5036 169 40 furnish172

2512 5098 72 44 ing
2618 5098 70 36 the
2725 5109 178 26 summer
2940 5097 188 38 students
3164 5097 99 36 with
3300 5099 70 33 out172

2510 5155 88 38 side
2624 5156 333 39 entertainment.

2789 5223 98 37 Rice
2912 5224 198 37 Vacation

2563 5281 168 35 Martha
2769 5281 107 43 Rice,
2912 5283 177 33 director
3125 5280 45 35 of
3207 5280 178 36 Graham

2511 5338 227 44 Memorial;
2762 5337 135 39 whose
2922 5338 189 37 vacation
3137 5336 119 46 plans
3282 5347 104 26 were

2511 5396 184 44 changed
2714 5396 53 45 by
2786 5396 70 37 the
2876 5396 190 44 inability
3086 5395 45 38 of
3151 5396 73 36 her
3244 5395 125 45 plann172

2511 5453 49 37 ed
2579 5453 274 45 replacement
2871 5457 42 34 to
2931 5453 114 37 work
3062 5453 98 36 here
3179 5454 83 34 this
3282 5463 88 24 sum172

2512 5521 98 34 mer,
2632 5510 90 39 said
2743 5508 101 40 that'
2856 5511 73 38 she
2948 5511 84 37 will
3052 5511 96 37 take
3169 5521 25 27 a
3214 5510 173 36 month’s

2512 5570 189 37 vacation
2729 5569 109 37 from
2866 5570 167 44 August
3062 5570 47 36 15
3137 5570 42 35 to
3209 5569 160 44 Septem172

2512 5625 73 38 ber
2616 5626 59 43 15,
2705 5626 150 45 during
2884 5627 131 36 which
3044 5627 98 36 time
3172 5626 74 36 her
3274 5626 113 44 place

2512 5684 83 37 will
2619 5683 49 38 be
2692 5683 124 38 taken
2838 5684 55 46 by
2917 5684 84 38 Bob
3026 5683 248 45 Colepaugh,
3298 5692 72 35 pre172

2514 5746 91 34 sent
2630 5743 202 36 assistant
2856 5753 209 33 manager.
3092 5740 234 46 Colepaugh
3352 5740 35 36 is

2512 5802 110 34 from
2646 5801 102 35 New
2772 5800 113 37 York
2909 5800 106 44 City.

2566 5868 84 36 The
2675 5867 128 36 board
2829 5867 86 36 also
2942 5867 207 36 discussed
3175 5867 119 44 plans
3320 5865 67 37 for

2514 5925 231 42 improving
2774 5924 70 36 the
2874 5925 262 44 Candlelight
3165 5935 112 26 room
3307 5923 81 37 and

2513 5982 82 34 will
2625 5982 128 35 strive
2782 5984 42 33 to
2852 5982 168 37 furnish
3050 5980 129 37 added
3209 5978 161 39 refresh172

2513 6042 134 33 ments
2672 6039 117 36 there
2813 6040 43 35 in
2881 6039 71 36 the
2977 6039 157 36 future.
3160 6037 38 37 A
3223 6037 97 45 plan
3345 6038 42 34 to

2514 6097 142 36 install
2671 6108 26 25 a
2712 6098 98 35 soda
2825 6098 193 35 fountain
3033 6098 43 34 in
3092 6096 70 36 the
3177 6108 111 24 room
3303 6105 85 25 was

2514 6155 137 36 tabled
2683 6155 114 36 after
2829 6166 26 25 a
2886 6155 171 44 lengthy
3088 6154 226 36 discussion
3345 6153 43 34 to

2514 6213 69 35 the
2603 6213 100 44 high
2720 6215 89 33 cost
2827 6213 81 35 and
2927 6211 216 37 uncertain
3162 6208 209 39 availabili172

2514 6273 46 41 ty
2580 6270 45 35 of
2645 6269 193 45 supplies.

2564 6337 37 35 A
2630 6336 228 37 committee
2885 6339 43 33 to
2957 6336 114 37 draw
3098 6346 55 34 up
3183 6348 27 24 a
3236 6334 152 44 budget

2513 6394 70 38 for
2604 6395 99 37 next
2722 6393 80 38 fall
2824 6404 85 27 was
2931 6394 223 45 appointed
3173 6393 54 46 by
3232 6393 157 46 feting

2515 6453 212 37 chairman
2757 6452 73 37 Dr.
2862 6453 49 36 E.
2940 6452 39 37 J.
3010 6452 263 38 Woodhouse.
3305 6450 84 36 The

2515 6511 228 38 committee
2775 6509 221 47 appointed
3026 6510 175 38 consists
3233 6509 45 38 of
3310 6507 78 38 Mr.

2515 6572 131 42 Kemp
2671 6571 40 36 S.
2735 6570 103 37 Cate
2859 6570 45 37 of
2925 6569 71 38 the
3017 6568 162 45 faculty
3200 6568 81 38 and
3304 6569 66 35 stu172

2509 6630 99 36 dent
2631 6628 199 38 members
2857 6628 85 38 Bob
2968 6627 203 38 Morrison
3199 6626 81 38 and
3306 6622 78 46 Bill

2514 6685 295 40 Woestendiek.

2513 6823 214 84 CPU
2783 6819 198 86 Will
3045 6819 344 84 Discuss

2513 6957 260 82 Plans
2807 6957 166 82 For
3007 6955 384 82 Summer

2565 7092 84 36 The
2684 7090 194 38 Carolina
2913 7088 187 39 Political
3134 7088 137 38 Union
3304 7085 82 38 will

2515 7149 93 37 hold
2629 7161 26 25 a
2677 7148 118 37 short
2814 7147 188 38 business
3023 7145 180 46 meeting
3224 7147 46 35 at
3291 7143 97 39 7:30

2514 7211 217 33 tomorrow
2758 7207 173 44 evening
2958 7208 46 34 at
3030 7204 181 37 Graham
3240 7203 131 36 Memo172

2515 7266 90 36 rial.

2561 7326 84 35 The
2660 7335 176 33 purpose
2851 7324 47 36 of
2912 7323 70 37 the
2997 7322 181 43 meeting
3193 7321 36 37 is
3245 7324 45 35 to
3305 7319 62 38 dis172

2513 7393 94 26 cuss
2641 7382 120 45 plans
2794 7380 69 36 for
2896 7380 71 37 the
3001 7377 204 39 activities
3240 7376 46 38 of
3318 7374 70 38 the

2515 7441 136 36 Union
2670 7438 152 44 during
2838 7438 71 36 the
2927 7447 177 26 summer
3121 7438 107 32 term
3246 7433 82 37 and
3345 7436 43 34 to

2510 7498 101 37 hear
2623 7508 26 27 a
2662 7498 141 43 report
2813 7494 53 47 by
2877 7495 212 37 chairman
3101 7492 126 45 Jerry
3238 7489 150 39 David-

2513 7556 57 39 oflf
2586 7565 52 29 on
2654 7554 66 39 his
2735 7554 85 46 trip
2836 7557 44 36 to
2896 7552 272 45 Washington
3183 7551 45 35 in
3245 7548 143 38 search

2512 7615 45 38 of
2589 7612 194 47 speakers
2814 7611 71 39 for
2914 7610 71 40 the
3015 7610 79 38 fall
3127 7609 81 38 and
3240 7609 147 36 winter

2510 7676 140 35 terms.

2565 7732 86 36 “As
2687 7728 117 39 there
2840 7728 36 39 is
2912 7739 26 27 a
2974 7729 146 42 strong
3155 7724 231 46 possibility

2511 7790 96 37 that
2621 7787 71 40 the
2708 7785 109 41 CPU
2833 7796 96 36 may
2944 7785 169 45 present
3129 7785 46 36 at
3189 7782 109 40 least
3312 7791 75 29 one

2512 7847 136 44 major
2703 7843 173 46 speaker
2905 7841 151 46 during
3109 7839 72 40 the
3210 7848 178 30 summer

2513 7910 119 39 term,
2660 7903 36 38 it
2722 7902 38 38 is
2788 7900 243 47 imperative
3058 7898 96 39 that
3182 7897 56 40 all
3266 7907 106 29 mem172

2510 7965 94 37 bers
2624 7975 92 25 now
2735 7974 51 26 on
2806 7971 170 34 campus
2996 7956 144 41 attend
3159 7956 85 40 this
3264 7957 108 38 meet172

2511 8025 84 44 ing.
2618 8022 95 46 Any
2734 8017 199 42 members
2955 8016 89 40 who
3065 8014 106 41 have
3193 8012 194 43 returned

2510 8084 111 37 from
2675 8079 155 40 service
2859 8088 73 29 are
2986 8073 310 46 automatically
3324 8083 46 27 re172

2511 8138 199 42 admitted
2740 8140 43 36 to
2814 8135 133 40 active
2975 8131 272 46 membership
3277 8139 109 37 upon

2511 8197 264 49 application,
2796 8193 82 41 and
2897 8192 99 47 they
3016 8201 72 30 are
3108 8188 198 47 cordially
3326 8188 43 37 in172

2510 8258 110 38 vited
2648 8261 43 33 to
2719 8254 143 39 attend
2889 8248 251 42 tomorrow’s
3168 8246 191 46 meeting.

3453 1147 482 130 Captain
3967 1151 360 108 Cheek

3465 1317 254 106 Will
3759 1317 502 108 Address

3445 1483 432 104 French
3903 1485 376 106 House

3496 1643 232 46 Climaxing
3754 1644 84 37 this
3866 1646 145 37 week’s
4041 1647 203 37 activities
4272 1651 46 34 at

3443 1701 70 35 the
3543 1702 161 35 French
3733 1702 140 37 House
3900 1704 84 35 will
4013 1704 49 36 be
4092 1717 25 24 a
4147 1705 89 36 talk
4264 1706 54 43 by

3443 1757 120 45 Capt.
3594 1758 52 39 A.
3678 1758 217 40 Lawrence
3928 1761 145 44 Cheek,
4106 1773 24 25 a
4162 1761 155 38 former

3440 1816 177 37 member
3647 1816 46 36 of
3722 1817 69 36 the
3823 1817 267 38 Inter-AUied
4121 1818 176 38 Rearma172

3440 1877 111 35 ment
3570 1874 278 46 Commission,
3867 1877 89 37 who
3976 1877 83 37 will
4079 1877 127 45 speak
4224 1879 74 36 Fri172

3441 1931 79 45 day
3551 1935 46 35 at
3627 1934 22 36 7
3681 1944 92 33 p.m.
3804 1944 51 26 on
3887 1934 64 38 his
3982 1937 258 43 experiences
4271 1937 43 37 in

3443 1990 135 38 North
3615 1992 149 36 Africa
3802 1993 80 37 and
3921 1994 171 37 France.
4132 1995 180 45 Tonight

3439 2049 200 37 residents
3657 2050 45 37 of
3720 2050 69 37 the
3807 2051 138 38 House
3962 2052 83 36 will
4065 2054 247 44 participate

3418 2110 2 26 1
3439 2107 40 34 in
3501 2118 24 23 a
3545 2118 193 32 program
3758 2109 45 35 of
3822 2120 122 32 songs
3965 2110 80 36 and
4065 2121 152 32 games.

3488 2164 72 36 Dr,
3594 2166 78 34 Lee
3703 2166 131 42 Wiley
3865 2168 46 34 of
3942 2168 69 36 the
4043 2168 159 36 French
4234 2169 59 36 De172

3435 2223 210 40 partment
3670 2221 46 37 of
3741 2222 70 37 the
3838 2221 241 47 University
4103 2224 46 37 of
4175 2224 136 38 North

3437 2278 193 37 Carolina
3654 2278 84 38 will
3763 2279 127 45 speak
3914 2282 255 44 Wednesday
4194 2294 99 26 even172

3436 2338 82 42 ing,
3540 2338 80 35 and
3643 2338 217 44 Thursday
3881 2340 120 43 night
4021 2341 116 36 there
4158 2340 82 37 will
4262 2341 49 36 be

3434 2406 25 23 a
3478 2406 194 33 program
3691 2407 51 23 on
3760 2396 201 37 dramatic
3981 2398 102 35 skits
4101 2398 146 36 known
4265 2398 44 36 in

3436 2453 159 34 French
3616 2464 47 23 as
3684 2455 263 34 “scenettes.”

3484 2509 37 34 A
3540 2510 131 43 picnic
3689 2513 47 32 at
3754 2511 216 35 Eatswood
3988 2513 92 35 lake
4101 2514 209 45 Saturday

3433 2565 217 37 afternoon
3686 2578 86 25 was
3807 2578 76 24 one
3916 2570 46 34 of
3996 2570 69 35 the
4101 2571 205 37 week-end

3432 2621 199 47 features,
3649 2622 82 39 and
3748 2635 51 26 on
3818 2622 168 49 Sunday
4004 2626 217 40 afternoon
4238 2628 70 39 the

3432 2691 130 35 group
3618 2683 192 37 attended
3864 2684 69 37 the
3986 2685 223 38 exhibition
4263 2687 47 38 of

3432 2738 159 39 French
3612 2740 212 46 paintings
3845 2742 43 37 in
3912 2743 152 36 Person
4086 2744 96 36 hall.
4206 2745 101 37 Last

3430 2796 121 45 night
3572 2798 159 37 French
3752 2800 153 37 movies
3927 2811 106 25 were
4056 2801 151 37 shown.

3482 2854 111 38 “The
3621 2856 160 37 French
3809 2858 138 38 House
3974 2860 208 35 welcomes
4210 2861 80 36 visi172

3428 2914 88 34 tors
3545 2913 223 38 interested
3796 2915 43 36 in
3869 2915 173 45 French,
4071 2917 81 36 and
4180 2929 126 34 many

3428 2969 105 37 have
3554 2970 193 38 attended
3768 2971 70 38 the
3858 2977 140 33 recent
4018 2974 174 44 evening
4213 2985 75 34 pro172

3429 3028 180 44 grams,”
3634 3029 135 37 stated
3795 3030 113 39 Prof,
3936 3031 120 45 Hugo
4082 3032 140 44 Giduz,
4247 3032 41 39 di172

3428 3087 135 35 rector
3584 3086 46 37 of
3649 3087 71 37 the
3742 3086 149 40 House,

3431 3227 222 108 Di’s
3699 3229 152 108 To
3907 3233 404 108 Debate

3427 3395 262 108 New
3729 3399 546 110 Measures

3503 3561 318 62 Braswell
3851 3563 68 64 Is
3949 3565 314 64 Initiated

3509 3643 76 62 In
3613 3645 266 60 Formal
3903 3647 366 74 Ceremony

3481 3755 233 36 Tomorrow
3738 3756 120 43 night
3884 3758 70 36 the
3981 3757 197 38 Dialectic
4206 3760 80 37 Sen172

3427 3815 68 34 ate
3524 3814 84 36 will
3634 3815 159 47 ^iscuss
3824 3819 81 35 two
3935 3816 110 38 bills:

3481 3879 209 47 Resolved,
3723 3882 111 37 That
3863 3884 72 36 the
3968 3884 174 37 Student
4174 3886 114 37 Coun172

3428 3937 53 37 cil
3496 3940 151 43 permit
3661 3940 70 37 the
3745 3942 171 37 accused
3931 3942 71 37 the
4016 3943 116 44 right
4145 3944 46 35 of
4205 3945 83 44 pub172

3429 3994 53 37 lic
3506 3996 113 45 trial,
3645 3997 82 36 and

3481 4061 208 46 Resolved,
3711 4064 109 38 That
3841 4065 206 46 Germany
4062 4065 52 39 be
4134 4078 154 34 govern172

3429 4118 50 37 ed
3530 4118 54 47 by
3609 4120 70 38 the
3731 4121 236 39 institution
3994 4124 46 37 of
4092 4126 213 45 sovereign

3428 4180 143 35 states.

3629 4248 174 37 Officers
3829 4249 278 43 Inaugurated

3480 4305 59 36 At
3554 4307 69 35 the
3637 4305 86 38 last
3736 4308 180 44 meeting
3932 4308 153 37 Robert
4100 4309 205 38 Morrison

3428 4373 87 26 was
3532 4364 278 45 inaugurated
3828 4365 212 46 president
4055 4366 46 37 of
4118 4366 71 38 the
4208 4367 80 39 Sen172

3431 4420 74 36 ate'
3518 4418 58 48 by
3594 4415 138 42 l>avid
3756 4419 196 48 Pittman,
3977 4424 178 44 retiring
4177 4426 112 42 presi172

3429 4478 109 36 dent.
3562 4480 127 35 Other
3710 4479 153 37 officers
3884 4481 193 36 installed
4097 4493 106 25 were
4225 4483 64 35 Ed172

3428 4535 64 36 die
3511 4536 138 44 Black,
3667 4536 210 45 president
3893 4549 73 32 pro
3984 4541 101 40 tem;
4107 4539 197 44 Pittman,

3427 4595 137 43 critic;
3603 4596 93 34 Dan
3731 4596 264 43 McFarland,
4029 4598 275 42 sergeant-aT^

3428 4662 130 34 arms;
3574 4653 162 37 Arthur
3750 4653 197 46 Budlong,
3960 4654 129 44 clerk;
4105 4654 82 37 and
4200 4655 86 37 Rus172

3428 4709 74 38 sell
3524 4710 196 45 Johnson,
3744 4711 125 37 CRIL
3892 4712 337 44 representative.

3479 4767 153 38 Morris
3652 4768 200 38 Braswell
3869 4780 88 27 was
3975 4769 223 37 conducted
4216 4771 89 36 into

3427 4825 70 36 the
3513 4825 270 44 membership
3800 4825 46 37 of
3861 4827 71 36 the
3950 4827 149 37 Senate
4115 4827 43 36 in
4176 4837 26 26 a
4217 4827 70 38 for172

3427 4881 82 37 mal
3542 4882 207 37 initiation
3780 4892 224 35 ceremony,
4037 4881 81 38 and
4148 4883 70 38 the
4249 4884 52 36 Di

3426 4941 120 37 voted
3570 4944 42 33 to
3635 4942 93 43 give
3751 4941 208 37 extensive
3983 4952 157 32 powers
4165 4943 43 35 to
4232 4941 70 38 the

3661 4999 77 37 See
3775 4998 72 45 DI,
3884 5010 106 35 page
4026 5001 38 40 U-

3425 5113 358 100 Directory
3813 5113 392 98 Publishing

3423 5219 120 76 Set
3559 5219 210 78 Aside
3793 5219 134 76 Till
3943 5217 186 92 Fall;

3429 5321 56 78 Y
3503 5321 222 96 Keeps
3745 5319 282 80 Student
4045 5319 146 80 File

3477 5458 118 36 Since
3627 5459 69 35 the
3730 5462 135 31 status
3897 5459 45 34 of
3972 5463 107 31 most
4111 5459 187 36 students

3427 5516 80 34 will
3545 5516 48 35 be
3629 5517 183 42 changed
3849 5517 115 33 after
3998 5516 72 35 the
4106 5514 93 36 first
4235 5517 64 34 six

3423 5574 133 36 weeks
3586 5573 48 37 of
3660 5584 177 25 summer
3866 5575 146 42 school,
4042 5575 69 34 the
4142 5574 156 36 YMCA

3425 5631 82 34 will
3540 5634 72 33 not
3643 5631 162 44 publish
3838 5642 26 22 a
3896 5633 168 33 student
4095 5632 204 41 directory

3424 5689 69 36 for
3511 5689 69 38 the
3600 5699 177 35 symmer
3795 5691 118 34 term.
3934 5689 110 35 “The
4063 5691 237 42 temporary

3425 5749 144 36 nature
3589 5748 46 37 of
3654 5747 97 37 such
3772 5757 25 27 a
3816 5748 249 44 publication
4084 5748 131 37 would
4226 5750 74 34 not

3426 5808 186 33 warrant
3636 5804 70 37 the
3730 5808 121 41 great
3875 5815 175 33 expense
4076 5804 223 44 involved,”

3426 5862 135 37 stated
3581 5862 141 44 acting
3740 5861 38 36 Y
3797 5864 221 43 secretary.
4040 5861 80 37 Bill
4142 5861 156 38 Poteat.

3476 5920 211 43 However,
3712 5930 82 33 any
3818 5919 268 37 information
4110 5929 172 26 concern172

3426 5977 71 42 ing
3531 5976 71 37 the
3637 5976 167 37 address
3840 5978 45 35 oi
3919 5978 187 36 students
4142 5988 53 25 on
4229 5977 70 35 the

3423 6045 167 34 campus
3608 6041 97 37 may
3721 6032 50 39 be
3788 6033 190 38 obtained
3995 6035 47 36 at
4057 6033 70 38 the
4145 6033 154 37 YMCA

3426 6091 109 39 office
3552 6091 136 38 where
3707 6102 25 26 a
3751 6090 196 45 complete
3966 6089 82 39 and
4067 6100 56 35 up
4142 6092 43 35 to
4205 6088 96 39 date

3428 6152 133 34 roster
3579 6148 83 37 will
3681 6148 50 37 be
3748 6159 53 26 on
3820 6147 66 39 file
3906 6150 47 35 at
3971 6147 56 38 all
4047 6147 132 37 times.

3480 6207 196 37 Students
3690 6205 155 45 having
3859 6217 26 26 a
3898 6205 158 45 change
4070 6204 47 37 of
4131 6204 169 38 address

3425 6264 152 44 during
3598 6263 70 37 the
3691 6274 178 27 summer
3890 6262 163 37 months
4075 6273 74 26 are
4170 6262 130 44 urged

3426 6325 43 34 to
3488 6322 138 44 notify
3644 6320 71 38 the
3734 6319 157 38 YMCA
3911 6319 122 38 office.

4362 1150 724 160 Summer
5170 1146 868 160 Enrollmei

4362 1386 348 156 Sets
4734 1382 768 160 All-Time
5538 1382 500 160 Reeor

4433 1612 320 71 Majority
4779 1611 75 61 of
4882 1612 175 71 3,717
5085 1610 321 61 Students
5433 1608 139 62 Are
5598 1608 356 74 Veterans;

4437 1693 210 60 Coeds
4672 1693 135 60 Are
4834 1692 499 61 Outnumbered
5360 1691 446 60 Four-to-One
5833 1690 89 72 by
5947 1690 86 61 Mi

5023 1808 74 51 By
5126 1805 122 44 Jane
5278 1803 193 45 Hotson

4416 1909 210 44 Records
4653 1908 213 45 released
4895 1909 261 53 yesterday
5183 1909 65 52 by
5277 1907 85 46 the
5391 1907 287 54 University
5705 1906 196 47 Central
5931 1907 101 45 Reo

4355 1981 138 44 office
4527 1981 192 44 showed
4752 1981 111 43 that
4896 1981 139 44 there
5069 1994 82 30 are
5186 1978 383 55 approximately
5604 1979 136 52 3,724
5775 1977 224 48 students

4353 2051 209 45 enrolled
4593 2053 49 42 in
4673 2052 84 43 the
4788 2053 108 42 first
4926 2053 224 43 Summer
5179 2052 208 44 Session.
5451 2050 155 45 These
5638 2050 180 52 figures
5849 2063 147 39 prove

4353 2122 102 43 this
4481 2122 43 43 is
4549 2122 85 45 the
4660 2124 219 49 greatest
4907 2135 213 30 summer
5146 2122 160 44 school
5334 2122 49 43 in
5411 2122 85 44 the
5523 2121 194 55 history
5743 2122 53 43 of
5823 2122 87 43 the
5937 2121 95 45 Uni

4353 2192 113 51 sity.
4525 2192 44 42 It
4593 2195 113 48 tops
4728 2192 85 42 the
4839 2191 186 43 former
5049 2191 166 43 record
5242 2195 77 41 set
5345 2192 51 43 in
5421 2191 85 45 the
5533 2191 137 54 early
5697 2190 160 46 1929’s
5884 2192 144 45 when

4351 2262 285 53 University
4670 2274 214 31 summer
4917 2261 184 44 session
5135 2261 201 44 boasted
5370 2276 32 29 a
5433 2260 124 45 total
5591 2259 288 46 enrolhnent
5911 2263 56 45 of
6002 2263 29 43 2

5220 2332 223 50 ^persons.
5481 2333 139 45 Today
5655 2334 71 36 the
5762 2334 171 36 number
5969 2335 47 36 of

5258 2402 119 25 erans
5402 2392 117 36 alone
5541 2393 36 35 is
5601 2394 47 33 45
5673 2404 169 32 persons
5866 2392 147 44 higher

5258 2449 70 37 the
5357 2449 189 44 previous
5575 2450 152 36 record.

5309 2509 56 41 Of
5396 2514 71 37 the
5497 2516 106 36 total
5634 2516 254 45 enrollment,
5920 2518 110 42 2,883

5257 2582 92 25 men
5383 2571 79 36 and
5498 2571 71 36 841
5605 2583 70 26 are
5709 2583 167 27 women.
5911 2573 85 39 The

5256 2628 86 35 eral
5378 2628 166 42 College
5577 2629 112 35 leads
5723 2630 70 35 the
5828 2630 119 37 other
5981 2641 49 32 gr

5256 2687 99 35 with
5385 2688 109 40 1,391
5525 2688 199 36 students.
5755 2687 206 39 Graduate
5992 2689 38 37 S<

5257 2745 34 36 is
5319 2745 145 36 second
5491 2746 101 36 with
5619 2746 85 36 774.

5416 2834 102 37 Arts
5552 2837 80 36 and
5667 2836 164 37 Science
5864 2836 112 37 Next

5306 2892 224 44 Following
5551 2894 153 46 closely
5722 2895 146 36 behind
5891 2897 37 33 is
5948 2897 72 35 the

5256 2950 90 44 lege
5371 2950 47 37 of
5442 2950 101 37 Arts
5569 2952 82 37 and
5678 2951 198 45 Sciences,
5899 2953 130 38 which

5258 3008 71 35 729
5366 3007 187 38 students
5589 3008 190 39 enrolled.
5814 3008 122 47 Next,
5971 3011 53 37 wi

5254 3064 276 39 considerable
5567 3065 113 46 drop,
5718 3067 35 38 is
5790 3066 71 39 the
5899 3066 130 40 Comn

5257 3121 176 40 School’s
5467 3123 76 37 404
5574 3134 182 35 persons.
5788 3124 99 39 Law
5920 3125 109 40 Schoi

5253 3181 70 37 the
5356 3185 101 33 next
5491 3180 165 44 highest
5688 3182 100 39 with
5824 3183 73 37 156
5930 3183 98 39 stud

5254 3239 227 43 Pharmacy
5518 3239 75 39 has
5632 3240 48 37 91
5744 3251 182 33 persons,
5991 3242 37 37 P

5255 3296 150 37 Health
5431 3296 61 42 86,
5519 3295 174 46 Library
5719 3297 163 39 Science
5908 3299 82 39 and
6015 3299 13 37 (

5255 3353 151 38 Health
5433 3354 272 45 respectively
5733 3354 104 39 have
5865 3355 61 39 41.

5304 3423 131 37 There
5462 3435 71 25 are
5563 3425 46 35 11
5638 3424 152 45 special
5819 3425 186 38 students

5254 3492 102 34 now,
5381 3483 115 43 eight
5519 3483 45 35 of
5586 3484 132 34 which
5741 3494 71 26 are
5837 3484 187 37 Turkish.

5252 3539 242 46 University
5531 3542 192 44 accepted
5784 3551 53 26 no
5900 3544 127 44 applic

5254 3599 42 35 in
5337 3597 132 38 either
5510 3598 133 38 Social
5683 3599 125 37 Work
5847 3610 46 26 or
5934 3602 92 36 Med

5253 3656 82 38 this
5367 3667 190 28 summer.

5255 3805 100 106 Y
5403 3807 330 106 Court
5781 3809 248 108 Dan<

5257 3975 180 104 Set
5485 3975 210 104 For
5743 3977 284 106 Fridj

5334 4135 424 73 Informality
5800 4138 226 61 Stress^

5335 4216 150 61 Ties
5511 4217 133 62 and
5669 4218 203 62 Heels
5895 4219 130 62 Tal

5308 4330 86 37 The
5417 4331 146 37 second
5587 4343 179 27 summer
5790 4333 38 37 Y
5853 4333 128 39 Court
6004 4335 21 38 d

5255 4388 83 37 will
5360 4388 49 39 be
5429 4388 93 39 held
5543 4389 86 39 this
5650 4390 156 45 Friday
5824 4393 177 45 evening
6020 4403 5 27 :

5255 4448 98 34 8:30
5376 4451 43 32 to
5444 4448 121 35 11:30
5589 4448 43 36 in
5654 4448 118 37 front
5794 4449 47 37 of
5862 4449 69 39 the
5956 4450 68 38 Un

5255 4504 83 45 sity
5361 4505 169 42 YMCA,
5551 4506 132 36 under
5704 4506 69 37 the
5796 4507 229 43 sponsorshi

5254 4562 182 35 Graham
5453 4562 227 37 Memorial.

5305 4631 189 35 Director
5526 4631 169 37 Martha
5725 4632 109 45 Rice,
5865 4634 42 35 in
5939 4646 85 33 cooj

5253 4687 87 38 tion
5357 4688 100 36 with
5474 4689 71 36 the
5564 4689 132 37 Order
5712 4691 47 36 of
5773 4691 72 36 the
5863 4691 115 38 Grail

5252 4746 36 35 is
5309 4746 245 45 sponsoring
5573 4759 25 25 a
5619 4748 127 36 dance
5767 4748 209 46 Saturday
5995 4761 27 25 n

5253 4803 76 36 has
5361 4804 214 37 scheduled
5605 4806 71 36 the
5707 4807 167 44 regular
5903 4809 121 35 week]

5255 4861 127 36 Court
5409 4861 129 37 dance
5565 4862 70 37 for
5664 4863 157 46 Friday
5849 4864 137 44 night;
6019 4866 5 35 j

5251 4927 107 34 ever,
5376 4920 99 34 next
5492 4918 111 37 week
5620 4918 70 37 the
5709 4920 126 36 dance
5852 4920 83 37 will
5953 4932 51 33 go

5251 4979 43 33 to
5317 4975 220 46 Saturday.

5303 5044 180 44 Popular
5506 5045 126 39 dance
5653 5046 130 38 bands
5804 5048 111 36 from
5937 5061 86 25 ovei

5252 5103 143 37 nation
5416 5103 85 37 will
5523 5103 50 38 be
5594 5105 193 38 featured
5810 5106 101 37 with
5933 5117 90 27 reco

5252 5172 102 33 song
5378 5162 82 37 and
5484 5161 290 40 instrumental
5799 5164 201 39 melodies.

5253 5219 242 45 University
5514 5220 110 38 Book
5646 5222 220 45 Exchange
5887 5224 98 36 soda
6004 5224 19 37 f

5250 5277 90 35 tain
5361 5277 83 35 will
5466 5278 156 35 remain
5643 5289 115 34 open.

5451 5367 261 46 Informality
5739 5369 188 40 Stressed

5302 5435 104 35 Miss
5438 5435 97 35 Rice
5567 5439 181 34 stressed
5780 5438 242 45 informality

5251 5493 160 42 saying,
5440 5493 110 35 “The
5580 5495 37 33 Y
5647 5495 128 35 Court
5801 5495 151 37 dances
5980 5508 42 24 ai

5248 5549 49 35 be
5334 5550 228 43 absolutely
5597 5552 206 35 informal.
5856 5553 135 44 Coats,

5250 5607 98 44 high
5379 5608 122 44 heels,
5533 5610 81 34 and
5644 5621 151 32 proper
5825 5611 196 37 introduce

5244 5675 71 23 are
5331 5669 71 30 not
5416 5666 96 42 only
5524 5669 251 32 unessential
5790 5669 73 33 but
5879 5680 71 24 are
5965 5670 56 34 ‘ta

5250 5723 170 44 Anyone
5437 5724 89 35 who
5545 5735 130 26 comes
5693 5726 153 36 formal
5862 5727 83 35 will
5964 5727 49 36 be

5250 5781 159 38 sidered
5432 5785 73 34 out
5528 5782 45 36 of
5595 5784 128 44 place.

5301 5848 112 37 “The
5457 5852 182 41 practice
5672 5852 47 36 of
5764 5852 257 39 double-brea

5249 5906 84 37 will
5375 5907 49 37 be
5454 5908 216 38 continued
5713 5921 50 26 as
5791 5910 132 38 usual.
5967 5911 20 37 I

5248 5964 92 36 that
5362 5975 110 26 more
5491 5966 117 37 coeds
5629 5967 82 36 will
5733 5968 126 36 break
5880 5969 140 45 during

5247 6022 161 42 coming
5442 6022 162 45 dances,
5651 6024 70 36 for
5755 6024 34 36 it
5823 6025 131 38 would
6003 6038 17 24 i

5249 6089 110 26 more
5379 6079 78 36 fun
5478 6079 70 36 for
5567 6080 68 37 all.

5299 6147 46 34 “I
5363 6150 114 33 want
5496 6151 42 32 to
5558 6152 129 34 stress
5707 6149 258 47 informality
5983 6164 37 25 a:

5249 6204 89 36 rule
5360 6206 46 34 of
5429 6205 69 36 the
5522 6208 184 36 occasion
5730 6208 171 37 because
5925 6210 19 36 I
5968 6210 49 38 be

5248 6273 111 24 more
5389 6264 188 35 students
5606 6265 84 36 will
5720 6266 123 43 enjoy
5871 6267 70 37 the
5969 6268 50 36 da

5249 6319 35 35 if
5308 6319 99 45 they
5430 6331 73 25 are
5527 6322 221 36 conducted
5772 6323 94 36 that
5890 6325 129 43 way.”

4534 3673 85 35 DR.
4645 3672 186 34 FRANK
4859 3673 233 36 GRAHAM

4339 3757 226 80 Frank
4587 3759 294 80 Graham
4899 3761 258 78 Named

4347 3863 94 78 To
4461 3863 148 80 Red
4631 3865 202 78 Cross
4857 3865 228 100 Group

4394 4001 216 35 President
4660 4003 141 34 Frank
4825 4003 181 37 Graham
5055 4005 76 36 has
5155 4017 46 25 re172

4341 4058 136 44 cently
4490 4058 101 36 been
4606 4059 234 36 nominated
4855 4062 42 34 to
4913 4061 70 35 the
4998 4061 221 37 American

4344 4115 84 34 Red
4449 4115 124 35 Cross
4594 4117 168 34 Central
4784 4118 251 43 Committee,
5057 4120 146 34 accord172

4343 4173 73 44 ing
4436 4176 42 33 to
4499 4184 25 25 a
4545 4174 199 45 telegram
4765 4175 184 37 received
4969 4175 54 46 by
5043 4176 70 37 the
5135 4176 85 37 Tar

4344 4231 102 36 Heel
4470 4232 110 37 from
4604 4233 70 36 the
4700 4233 85 37 Red
4811 4233 123 38 Cross
4960 4235 189 36 Director
5174 4235 45 36 of

4344 4289 141 38 Public
4510 4290 287 39 Information.

4396 4357 85 38 The
4509 4358 257 46 nominating
4794 4361 229 37 committee
5051 4361 154 39 submit172

4343 4415 69 36 ted
4434 4414 72 38 Dr.
4530 4416 215 38 Graham’s
4767 4427 119 27 name
4908 4421 43 35 to
4972 4418 70 39 the
5063 4419 157 46 closing

4344 4473 155 36 session
4529 4474 46 36 of
4603 4474 70 37 the
4701 4475 240 38 convention
4971 4476 132 37 which
5132 4487 86 27 was

4343 4530 91 37 held
4451 4531 43 35 in
4511 4530 282 45 Philadelphia
4811 4531 84 38 last
4910 4533 121 37 week.

4394 4600 86 35 The
4499 4605 157 32 central
4676 4610 240 36 commirtee,
4937 4602 131 37 which
5088 4603 38 36 is
5145 4601 72 38 the

4342 4658 227 45 governing
4589 4658 104 45 body
4713 4659 46 36 of
4779 4659 70 36 the
4870 4659 85 37 Red
4977 4660 135 44 Cross,
5133 4660 83 36 will

4342 4715 93 36 hold
4453 4716 109 35 their
4581 4718 153 34 annual
4753 4718 169 35 election
4942 4722 46 32 at
5005 4718 70 35 the
5094 4722 107 32 meet172

4342 4774 72 43 ing
4438 4774 45 34 of
4506 4774 170 44 chapter
4701 4774 205 44 delegates
4931 4780 98 31 next
5053 4776 147 36 Decem172

4341 4830 83 37 ber,

4339 5003 476 128 Library
4835 5005 382 108 Shows

4343 5171 468 106 Chinese
4863 5175 226 102 Art

4387 5334 161 44 Among
4569 5335 70 36 the
4661 5347 124 33 many
4807 5335 244 38 exhibitions
5074 5338 43 35 in
5139 5337 71 36 the

4336 5391 119 45 lobby
4484 5393 45 35 of
4559 5394 73 55 th^
4659 5394 241 44 University
4932 5395 175 45 Library
5138 5405 72 26 are

4337 5453 80 33 two
4447 5450 115 44 large
4594 5451 171 37 Chinese
4794 5453 201 42 portraits
5025 5453 46 36 of
5100 5452 110 37 “The

4340 5508 83 37 Sun
4448 5508 82 36 and
4554 5509 215 43 Daughter
4792 5509 45 36 of
4863 5508 192 39 Heaven”
5079 5508 130 38 which

4336 5564 111 45 hang
4466 5577 51 25 on
4537 5565 132 38 either
4690 5565 83 39 side
4794 5566 46 37 of
4858 5566 69 40 the
4949 5567 138 38 stairs.

4388 5624 50 35 In
4458 5624 70 35 the
4550 5625 111 35 main
4684 5623 118 44 lobby
4825 5624 35 36 is
4884 5635 25 26 a
4933 5624 208 38 collection
5165 5624 46 38 of

4337 5681 167 36 various
4540 5681 162 37 atristic
4752 5680 166 45 objects.
4971 5681 130 38 There
5138 5690 73 29 are

4337 5751 124 33 many
4478 5739 91 44 tiny
4588 5741 116 42 ivory
4723 5739 154 44 figures
4895 5739 209 45 including
5122 5750 72 26 sev172

4338 5799 86 35 eral
4460 5799 205 42 Buddhas,
4713 5810 24 24 a
4770 5798 205 36 beautiful
5022 5793 189 48 wrought

4339 5856 172 35 Persian
4547 5857 266 42 manuscript,
4851 5857 81 34 and
4969 5856 117 35 other
5122 5856 89 35 far-

4337 5917 164 32 eastern
4518 5915 133 35 works
4669 5914 47 36 of
4731 5917 80 33 art.

4389 5971 48 34 In
4463 5971 70 34 the
4559 5974 90 32 east
4675 5971 109 43 wing
4811 5981 71 25 are
4909 5970 229 36 collections
5165 5970 45 36 of

4337 6028 175 42 original
4537 6029 64 34 old
4625 6028 207 43 printings
4857 6028 45 35 of
4925 6027 68 36 the
5018 6026 192 36 “Tatler”

4336 6086 54 45 by
4411 6086 179 35 Richard
4613 6086 144 43 Steele,
4778 6085 70 35 the
4869 6085 266 44 “Spectator”
5157 6084 54 43 by

4338 6144 152 43 Joseph
4521 6144 181 35 Addison
4735 6143 81 35 and
4847 6143 71 35 the
4948 6143 262 36 “Guardian”

4337 6201 53 45 by
4414 6201 233 36 Alexander
4671 6201 119 44 Pope.
4828 6201 128 36 These
4979 6201 231 35 collections

4338 6270 72 26 are
4434 6259 144 36 loaned
4604 6263 43 31 to
4671 6259 70 35 the
4769 6259 239 44 University
5035 6259 176 43 Library

4336 6317 55 45 by
4415 6316 221 37 Richmond
4662 6316 43 35 P.
4732 6315 126 35 Bond.

3425 6449 298 108 Paul
3775 6447 348 110 Green
4169 6443 412 132 Begins
4617 6443 32 46 *
4651 6443 278 106 Lost
4951 6443 414 130 Colony
5385 6447 32 44 *
5443 6449 578 112 Productic

3425 6619 338 112 After
3793 6617 388 106 Year*s
4209 6613 526 110 Scenario
4779 6611 320 108 Work
5115 6613 166 108 At
5303 6617 356 108 MGM
5669 6621 350 108 Studii

3622 6794 60 42 By
3707 6791 154 37 Arnold
3887 6791 218 38 Schnlman

3478 6847 104 40 Paul
3609 6851 145 42 Green,
3780 6852 211 41 professor
4016 6850 46 36 of
4086 6847 214 38 Dramatic

3426 6910 103 35 Arts
3559 6911 48 35 at
3635 6907 69 37 the
3736 6907 242 44 University
4006 6905 83 39 and
4120 6905 181 38 Pulitzer

3428 6968 117 36 Prize
3571 6967 157 36 winner
3754 6966 69 35 for
3850 6965 65 36 his
3942 6965 98 44 play
4065 6964 76 36 “In
4167 6964 116 37 Abra172

3426 7026 129 36 ham’s
3578 7025 183 42 Bosom”,
3782 7024 165 35 arrived
3968 7026 47 32 at
4034 7022 65 36 his
4119 7021 118 37 home
4257 7022 43 36 in

3427 7084 154 45 Chapel
3602 7081 86 38 Hill
3710 7080 182 46 recently
3913 7080 115 38 after
4046 7079 187 46 working
4252 7091 49 26 as

3427 7142 202 36 scenarist
3647 7141 69 36 for
3735 7140 159 36 M-G-M
3914 7141 43 35 in
3978 7137 235 45 Hollywood
4232 7138 69 36 for

3426 7211 97 26 over
3542 7211 25 26 a
3586 7210 113 35 year.

3477 7257 65 40 He
3559 7258 35 37 is
3611 7267 92 28 now
3719 7258 46 36 at
3781 7255 192 38 Roanoke
3989 7253 141 38 Island
4145 7255 45 35 to
4206 7252 95 45 hdp

3427 7319 110 35 start
3568 7316 72 38 the
3672 7324 179 29 summer
3883 7312 240 47 production
4155 7311 48 38 of
4235 7310 65 38 his

3427 7372 228 47 nationally
3684 7373 165 38 famous
3881 7373 145 36 drama
4058 7369 112 38 “The
4202 7370 99 37 Lost

3429 7431 191 46 Colony”,
3653 7430 132 38 which
3820 7430 84 37 will
3940 7439 105 35 open
4079 7439 76 26 one
4188 7427 113 39 wedc

3426 7489 109 37 from
3591 7488 137 45 today.
3760 7486 99 38 This
3888 7485 175 39 colorful
4119 7487 183 44 pageant

3426 7548 125 36 about
3567 7547 70 37 the
3655 7545 247 45 mysterious
3919 7544 319 45 disappearence
4255 7542 47 38 of

3425 7607 71 36 the
3522 7607 94 36 first
3642 7604 124 37 white
3794 7603 165 38 settlers
3986 7613 53 26 on
4066 7600 71 39 the
4165 7599 135 40 North

3426 7666 194 39 Carolina
3649 7665 116 35 coast
3794 7662 77 38 has
3926 7662 100 37 been
4056 7657 148 48 widely
4235 7670 48 27 ac172

3427 7723 171 38 claimed
3632 7722 55 46 by
3720 7720 167 46 leading
3921 7718 204 38 dramatic
4159 7718 140 37 critics

3427 7781 82 38 and
3534 7781 77 37 has
3638 7779 207 37 attracted
3872 7777 142 46 people
4039 7776 111 36 from
4177 7786 124 33 esrery

3426 7841 99 43 part
3544 7839 47 37 of
3611 7838 72 37 the
3704 7840 175 41 country
3899 7839 44 33 to
3964 7835 72 37 the
4057 7834 167 35 Manteo
4245 7833 38 36 is172

3425 7896 98 38 land
3540 7895 171 39 outdoor
3727 7894 175 36 theatre.

3630 7953 252 39 JamMtown
3909 7951 187 45 Fafeaat

3475 8012 186 39 Another
3681 8020 148 28 reason
3847 8013 71 33 tor
3935 8010 68 34 his
4022 8011 147 32 return
4189 8006 111 36 from

3426 8069 248 49 Hollywood,
3698 8070 36 37 it
3756 8070 38 36 is
3816 8067 192 47 reported
4030 8066 37 35 is
4087 8068 48 33 to
4156 8063 144 38 confer

3425 8129 101 37 with
3557 8129 233 46 prominent
3819 8126 243 43 Virginians
4093 8121 212 39 identified

3421 8187 102 38 with
3547 8185 212 38 historical
3785 8184 186 37 societies
3996 8182 125 37 about
4145 8192 29 26 a
4196 8191 86 35 pag172

3423 8249 97 35 eant
3541 8248 45 34 at
3606 8245 250 36 Jamestown
3878 8244 43 35 in
3941 8239 356 39 commemoration
4315 8236 7 50 j

4335 6789 45 37 of
4431 6788 69 37 the
4551 6787 232 37 settlement
4834 6787 116 37 there
5001 6788 43 36 in
5099 6788 109 38 1607.

4389 6846 85 38 The
4494 6845 157 45 drama,
4671 6846 220 43 suggested
4911 6845 158 37 several
5090 6856 122 35 years

4338 6916 78 35 ago
4429 6903 54 47 by
4496 6903 70 39 the
4579 6903 142 47 people
4736 6903 45 37 of
4794 6902 322 46 Williamsburg,
5130 6904 82 37 had

4628 8233 146 39 PAUL
4808 8233 183 39 GREEN

5249 6789 101 39 been
5371 6790 165 40 shelved
5557 6794 106 38 until
5685 6795 72 38 the
5778 6797 77 36 end
5876 6798 47 36 of
5944 6798 70 38 the

5249 6848 77 38 but
5344 6850 36 36 is
5400 6861 92 26 now
5511 6851 122 47 being
5653 6854 165 37 revived
5838 6854 81 38 and
5940 6856 36 36 is
5997 6867 21 26 a

5251 6907 44 36 in
5318 6907 71 38 the
5412 6909 117 45 early
5551 6914 155 42 stages,
5716 6911 47 37 of
5784 6910 234 41 discussion.

5301 6987 87 38 One
5404 6988 47 38 of
5467 6988 69 39 the
5551 6990 330 47 chiefj>roblems
5898 6993 43 38 in
5957 7005 60 27 coi

5250 7046 87 36 tion
5365 7046 102 37 with
5496 7048 71 36 the
5595 7048 250 38 Jamestown
5875 7061 142 35 pageai

5248 7104 271 45 thejlocation
5542 7106 48 42 of
5612 7119 29 25 a
5662 7107 80 38 site
5763 7107 69 38 for
5854 7107 71 39 the
5946 7108 71 39 the

5252 7162 79 37 Mr.
5358 7163 133 37 Green
5516 7163 77 37 has
5618 7166 136 36 stated
5777 7165 96 37 that
5894 7166 39 38 it
5954 7178 63 26 ma

5249 7232 220 34 necessary
5498 7224 43 35 to
5571 7223 56 45 fly
5656 7234 97 27 over
5783 7223 71 37 the
5884 7234 100 28 area
6014 7236 3 25 :

5246 7280 252 36 Jamestown
5517 7284 45 32 to
5581 7281 70 36 the
5669 7279 211 40 mainland
5899 7283 48 37 of
5965 7283 51 37 th<

5251 7339 164 37 ninsula
5441 7339 42 36 in
5510 7340 119 36 order
5655 7342 42 35 to
5722 7339 85 38 find
5830 7340 72 37 the
5925 7353 88 26 mos

5249 7396 152 37 sirable
5420 7399 93 43 spot
5530 7397 71 38 for
5617 7398 71 38 the
5706 7399 200 44 proposed
5924 7400 92 37 half

5249 7455 83 37 lion
5359 7455 134 37 dollar
5517 7456 173 45 project

5476 7513 168 40 Grera’s
5671 7515 102 39 Last
5798 7516 100 44 Play

5302 7591 87 37 The
5415 7591 86 37 last
5527 7591 100 47 play
5653 7593 80 37 Mr.
5761 7594 132 37 Green
5922 7599 94 33 wro1

5251 7650 154 46 Chapel
5435 7651 88 36 Hill
5554 7663 87 26 was
5697 7652 190 45 “Johnny
5915 7653 100 37 Johx

5249 7709 132 37 which
5398 7709 77 38 has
5491 7710 101 38 been
5609 7712 189 38 included
5815 7713 43 34 in
5875 7723 140 26 severa

5250 7767 200 47 thologies
5474 7769 48 37 of
5544 7767 221 41 AmeriedCh
5788 7769 227 47 literature,

5251 7825 116 38 after
5423 7825 97 40 that
5551 7827 54 38 ha
5661 7826 253 39 dramatized
5946 7829 69 36 Ric

5251 7883 201 46 Wright’s
5486 7884 94 40 best
5612 7885 150 45 selling
5794 7885 118 37 novel
5946 7886 67 36 “N

5252 7940 110 39 Son”
5384 7941 71 38 for
5478 7943 241 44 production
5742 7952 53 27 on
5820 7943 195 36 Broadws

5251 7997 134 41 Orson
5405 7998 162 41 Welles.

5304 8065 77 41 His
5401 8069 109 37 most
5528 8070 141 37 recent
5687 8068 132 41 movie
5838 8068 176 40 scenarii

5253 8125 113 39 “Red
5388 8125 128 39 Shoes
5537 8125 95 39 Run
5654 8126 188 46 Faister,”
5863 8127 94 45 and,
5979 8126 35 39 hi

5254 8182 198 39 disclosed
5471 8183 95 38 that
5583 8184 65 36 his
5666 8188 103 43 ne^
5786 8184 84 37 will
5887 8184 50 37 be
5957 8184 57 38 “S

5252 8242 116 37 tures
5386 8240 48 40 of
5450 8240 154 40 Time.**
