829 312 126 33 THE
1033 312 228 32 WAYNE
1338 290 503 60 COMMUNIQUE'^

110 516 152 34 Volume
291 517 42 41 1,
368 517 150 32 Number
546 518 22 31 1

1059 514 122 43 Wayne
1209 515 230 42 Community
1464 515 175 42 College

2126 516 201 33 November
2355 517 66 41 25,
2457 513 97 39 1968

393 668 126 32 THANK
545 667 93 33 YOU!

1410 665 278 33 INTRODUCING
1715 664 76 32 THE
1817 664 126 33 WAYNE
1969 664 255 39 COMMUNIQUE

163 769 73 33 Our
268 770 122 33 staff
417 770 150 33 wishes
598 771 46 31 to
674 770 125 33 thank
822 769 70 33 Mr.

109 820 126 43 Clyde
264 819 126 34 Erwin
418 821 72 33 and
514 820 71 35 Mr.
625 819 147 34 iValter
981 818 20 21 ^

110 870 145 42 Brown,
289 870 227 34 President
545 871 72 33 and
643 870 104 34 Dean
776 870 47 33 of

109 921 180 42 Faculty
315 922 321 41 respectively,
671 922 75 32 for
775 921 125 33 their
980 920 21 21 *

109 972 227 41 blessings
368 982 46 22 on
443 982 73 23 our
543 973 124 33 first
700 972 121 43 1^/ayne
980 970 20 21 *

108 1019 275 47 Communique'^
979 1021 21 22 *

164 1070 45 36 We
237 1074 100 33 wish
367 1075 47 32 to
443 1075 124 33 thank
591 1074 69 34 Mr.
696 1074 76 33 Bob
800 1074 97 33 Wal-
981 1072 20 21 ^

109 1126 92 41 ler.
234 1124 104 33 Dean
367 1125 48 32 of
441 1124 220 43 Students,
695 1126 75 32 who
799 1135 99 32 gave
980 1123 20 21 ^

107 1186 49 23 us
188 1185 45 24 so
260 1176 102 32 much
390 1176 100 42 help
519 1177 47 32 in
597 1175 199 43 "ironing
826 1175 94 33 out"
980 1174 20 21 *

109 1227 72 33 all
212 1226 48 32 of
290 1235 72 23 our
389 1227 322 33 difficulties.
978 1225 21 21 *

159 1277 48 33 We
237 1277 125 33 thank
385 1278 70 33 Mr.
492 1279 126 41 Jerry
640 1279 179 32 Medford
849 1279 74 31 for
978 1276 21 21 *

106 1328 179 42 helping
310 1338 50 23 us
389 1330 72 41 get
492 1340 73 22 our
594 1330 150 32 offset
769 1339 101 23 mas-
979 1327 20 21 *

108 1381 97 31 ters
237 1379 122 41 typed
390 1381 71 32 out
491 1381 72 32 and
588 1380 96 33 Mrs.
723 1380 123 43 Zo/i^o
875 1381 75 32 for
978 1378 20 21 ^

108 1430 203 42 printing
338 1431 73 32 the
440 1422 268 52 Communique'^
723 1441 45 23 so
797 1431 124 33 beau-
978 1429 20 21 ^

107 1481 194 42 tifully.
978 1480 20 20 *

158 1533 47 33 As
236 1533 168 42 editor,
441 1534 20 32 I
488 1534 102 33 wish
618 1534 47 31 to
695 1534 125 32 thank
845 1542 54 32 my
977 1531 21 21 *

109 1584 122 33 small
263 1585 123 32 staff
415 1585 47 32 of
488 1585 196 41 writers,
721 1585 72 33 and
823 1584 72 33 all
976 1582 21 21 *

109 1635 198 33 students
335 1636 74 32 who
439 1635 277 34 contributed
748 1636 172 33 stories
977 1633 20 21 *

106 1687 73 33 and
209 1686 371 35 advertisements.
976 1685 21 21 *

976 1839 21 22 *

310 1893 76 33 OUR
411 1893 149 33 PLANET
591 1892 125 33 EARTH
976 1891 21 21 *

975 1942 21 21 *

154 1997 25 32 A
206 1996 252 42 photograph
488 1997 49 32 of
565 1995 72 33 the
666 1994 125 34 Earth
975 1992 21 21 *

104 2048 125 33 taken
258 2047 101 33 from
384 2056 101 23 near
514 2048 72 32 the
612 2056 103 23 moon
745 2047 122 33 shows
976 2043 20 21 *

103 2099 73 32 the
206 2096 125 35 Earth
359 2108 47 23 as
437 2108 23 23 a
489 2098 166 42 sphere.
717 2098 201 33 Accurate
974 2095 21 21 *

100 2150 327 41 measurements,
461 2149 195 41 however,
691 2148 151 33 reveal
871 2146 124 35 that*

104 2200 124 33 there
258 2200 46 33 is
334 2200 125 41 polar
488 2199 254 42 flattening
769 2200 73 32 and
871 2209 50 23 an
975 2197 20 21 *

104 2250 251 44 equatorial
385 2251 124 41 bulge
537 2251 74 32 due
641 2251 47 31 to
718 2250 72 33 the
974 2247 21 21 *

102 2300 176 35 Earth's
308 2301 202 33 rotation
539 2311 48 23 on
615 2300 72 34 its
717 2301 117 33 axis.
974 2298 21 21 *

103 2352 124 34 Earth
257 2352 46 33 is
334 2362 48 23 an
411 2352 148 33 oblate
591 2351 199 41 spheroid
826 2344 42 46 (a
973 2349 20 21 *

104 2403 203 43 slightly
332 2403 227 33 flattened
591 2396 166 48 sphere)
793 2403 73 33 and
896 2403 46 32 is
973 2400 20 21 *

102 2455 99 33 also
232 2454 202 43 slightly
460 2464 100 32 pear
590 2454 166 41 shaped.
972 2451 21 21 *

972 2502 20 21 %

427 2657 184 35 MESSAGE
637 2658 100 33 FRCM
764 2658 76 33 THE
865 2657 102 35 DEAN
996 2655 48 33 OF
1073 2655 201 35 STUDENTS

661 2762 52 42 by
736 2762 103 33 Dean
870 2761 148 34 vJaller

150 2865 74 33 The
251 2863 103 33 Dean
383 2864 48 33 of
459 2863 218 34 Students'
715 2863 148 33 office
894 2863 46 34 is
970 2861 254 43 invariably
1253 2860 200 40 striving
1481 2860 47 31 to

101 2916 175 41 improve
306 2915 73 32 the
410 2914 198 33 services
639 2913 174 34 offered
843 2914 47 32 to
921 2914 123 41 vJayne
1072 2911 230 44 Community
1327 2910 176 41 College

103 2966 218 33 students.

151 3017 76 33 New
255 3017 251 33 activities
536 3026 72 24 are
637 3016 126 42 being
794 3015 223 42 sponsored
1047 3014 73 33 and
1147 3025 49 23 we
1227 3022 225 32 encourage
1480 3022 75 32 you

101 3069 47 32 to
178 3067 97 35 take
306 3068 226 41 advantage
562 3068 47 33 of
638 3067 117 33 them.
818 3066 47 34 If
893 3068 123 32 these
1047 3066 251 33 activities
1328 3074 72 24 are
1432 3073 69 24 suc172

100 3120 195 41 cessful,
329 3129 49 23 we
405 3119 100 33 will
535 3119 201 33 continue
765 3118 151 43 having
945 3118 116 33 them.
1124 3117 46 33 So
1199 3114 297 45 participate!

99 3170 128 43 Every
256 3171 173 32 student
460 3170 147 33 should
638 3171 97 31 take
765 3180 48 23 an
842 3171 148 32 active
1021 3169 200 33 interest
1251 3169 48 33 in
1327 3169 72 34 the
1429 3168 125 34 activ172

100 3222 252 33 ities—not
378 3221 156 41 merely
561 3231 23 22 a
609 3220 126 34 vocal
766 3221 218 32 interest.

151 3273 222 40 Students,
410 3271 121 43 Wayne
560 3271 230 42 Community
816 3270 175 42 College
1021 3271 46 33 is
1095 3279 101 34 your
1225 3272 194 38 college;
1452 3270 101 32 what

97 3334 77 33 you
199 3324 101 33 make
332 3323 48 33 of
408 3323 47 33 it
483 3322 176 42 depends
686 3332 103 34 upon
815 3331 93 33 you.

149 3376 126 33 There
305 3375 46 33 is
380 3385 49 23 no
457 3374 126 35 limit
612 3374 46 33 to
689 3376 72 33 the
791 3372 379 43 accomplishments
1201 3371 98 32 that
1328 3380 73 24 can
1428 3371 48 33 be

95 3429 102 33 made
226 3427 52 43 by
302 3437 76 33 you
406 3428 73 33 and
512 3425 88 34 WCC.
661 3427 74 33 The
766 3424 326 36 establishment
1123 3423 49 33 of
1199 3431 23 23 a
1253 3422 171 34 student
1454 3430 98 26 news172

97 3489 126 33 paper
253 3479 46 34 is
329 3490 23 23 a
380 3478 176 43 perfect
587 3479 172 42 example
791 3477 48 33 of
868 3476 72 33 the
969 3473 379 46 accomplishments
1376 3474 126 42 being

94 3532 102 33 made
226 3530 194 43 already.
481 3528 176 44 Support
687 3530 73 33 the
793 3528 121 42 Wayne
942 3517 269 53 Communique''
1224 3525 50 42 by
1304 3527 173 42 serving
1507 3534 46 24 on

98 3583 72 33 its
201 3582 125 34 staff
355 3591 47 23 or
431 3581 304 42 contributing
762 3579 252 35 worthwhile
1041 3576 224 37 material.

147 3633 222 42 Likewise,
403 3642 49 24 we
482 3632 148 33 invite
659 3642 76 33 you
764 3633 47 31 to
840 3640 98 24 come
967 3631 51 42 by
1045 3631 72 33 the
1144 3628 104 34 Dean
1276 3629 48 32 of
1352 3628 199 35 Students

98 3685 149 33 office
277 3684 73 33 and
381 3684 124 32 offer
533 3693 76 33 any
638 3682 275 43 suggestions
941 3692 75 33 you
1045 3680 98 35 feel
1170 3689 79 32 may
1275 3679 175 34 benefit
1479 3681 73 33 the

99 3736 199 33 students
328 3735 73 33 and
431 3735 73 32 the
533 3734 194 42 college.
791 3732 48 34 If
864 3742 76 33 you
967 3733 99 33 have
1095 3740 77 33 any
1199 3730 275 35 criticizims

97 3787 254 41 concerning
380 3786 72 33 the
481 3786 195 41 college,
711 3785 150 42 please
890 3784 124 33 don't
1044 3781 201 36 hesitate
1276 3782 46 32 to
1351 3782 73 33 let
1450 3792 50 24 us

95 3838 118 34 know.

150 3888 45 34 We
223 3888 100 33 have
349 3888 102 34 made
481 3898 23 23 a
532 3888 98 33 fine
662 3887 123 33 start
815 3886 97 34 this
944 3886 146 34 school
1119 3893 120 34 year,
1275 3884 73 33 and
1375 3885 100 32 with

95 3949 101 33 your
224 3939 118 42 help,
377 3948 48 23 we
453 3939 101 32 will
583 3937 201 34 continue
815 3937 47 32 in
891 3937 97 33 this
1015 3944 171 26 manner.

1101 767 49 33 As
1181 768 149 32 editor
1360 768 47 31 of
1436 768 71 32 the
1537 767 123 42 Wayne
1690 759 270 50 Communique”,
1997 767 45 32 it
2073 767 45 32 is
2145 776 53 32 my
2225 766 199 41 pleasure
2454 767 46 31 to

1053 818 175 42 explain
1255 819 100 32 what
1384 828 73 23 our
1484 828 228 32 newspaper
1739 817 99 32 will
1871 818 120 32 stand
2020 818 92 41 for,
2149 818 46 31 to
2223 817 102 33 whom
2352 827 73 22 our
2452 825 98 24 news

1050 869 99 33 will
1179 869 47 32 be
1255 870 219 41 directed,
1511 870 72 32 and
1612 870 76 32 how
1716 868 72 32 the
1817 867 123 43 Wayne
1969 868 251 42 Communique
2248 868 99 32 will
2376 868 47 33 be
2454 868 47 32 of

1054 920 172 33 service
1256 921 48 32 to
1332 919 123 43 Wayne
1484 920 229 42 Community
1740 919 192 42 College.

1102 965 397 40 Communique'^Code.
1561 972 124 32 There
1715 970 46 33 is
1791 980 23 23 a
1841 971 98 32 free
1971 970 198 42 spirited
2199 969 150 43 theory
2375 969 150 33 behind

1051 1022 74 32 the
1153 1021 125 42 Wayne
1306 1021 270 44 Communique.
1638 1021 74 34 Our
1743 1021 120 33 staff
1893 1021 151 42 firmly
2070 1020 200 33 believes
2301 1020 48 33 in
2377 1030 73 23 our
2479 1029 73 23 con172

1054 1072 274 33 stitutional
1358 1072 147 42 rights
1537 1074 46 31 to
1612 1072 178 34 freedom
1818 1072 46 32 of
1895 1072 147 41 speech
2071 1071 73 33 and
2175 1071 71 32 the
2274 1071 178 33 freedom
2479 1070 48 32 of

1052 1123 72 32 the
1153 1132 143 32 press.
1357 1122 73 34 But
1457 1133 49 23 we
1535 1124 98 33 also
1662 1123 99 34 hold
1791 1123 97 32 true
1919 1124 71 32 the
2019 1122 125 42 right
2174 1123 46 31 to
2249 1123 149 41 reject
2424 1123 128 32 mater172

1052 1173 71 33 ial
1152 1174 125 32 which
1305 1183 48 24 we
1382 1174 97 33 feel
1507 1175 126 41 might
1666 1173 122 34 stain
1817 1174 71 32 the
1917 1172 302 43 Communique's
2249 1173 243 32 character.

1101 1224 48 33 No
1176 1224 203 34 material
1406 1225 98 33 will
1534 1226 47 32 be
1611 1224 176 43 printed
1814 1225 176 32 without
2020 1225 72 32 the
2123 1224 275 32 examination
2427 1223 72 35 and

1051 1276 199 41 approval
1282 1277 46 31 of
1358 1276 71 32 the
1460 1277 167 41 editor,
1663 1277 72 32 the
1762 1274 102 34 Dean
1893 1276 47 31 of
1969 1275 218 41 Students,
2224 1265 149 48 and/or
2403 1284 72 23 our

1051 1326 219 43 advisors,
1300 1327 96 33 Mrs.
1428 1327 179 33 Mildred
1636 1326 200 33 Councill
1866 1327 73 32 and
1963 1326 96 33 Mrs.
2095 1324 176 34 Eleanor
2299 1325 168 33 Powell.

1102 1376 73 33 Our
1201 1377 195 34 Readers.
1457 1378 98 33 This
1583 1386 230 33 newspaper
1841 1377 46 32 is
1916 1377 75 32 for
2020 1385 199 32 everyone
2249 1376 48 31 in
2325 1376 97 32 this

1052 1429 193 42 college;
1308 1429 217 42 students,
1562 1429 218 41 teachers,
1816 1428 177 41 faculty
2019 1429 74 32 and
2124 1427 139 33 staff.
2324 1427 77 42 Any
2424 1426 154 33 member

1052 1480 47 32 of
1127 1480 72 33 the
1231 1481 172 33 student
1432 1481 118 42 body,
1586 1490 75 32 any
1689 1479 193 42 teacher,
1918 1488 75 32 any
2016 1478 154 34 member
2199 1478 48 32 of
2275 1478 72 32 the
2376 1477 178 42 faculty

1051 1541 48 22 or
1129 1532 325 42 staff—anyone
1484 1533 46 32 is
1559 1533 99 32 free
1687 1533 48 31 to
1765 1531 251 32 contribute
2045 1529 177 44 quality
2248 1539 98 23 news
2378 1529 191 42 stories,

1050 1582 219 43 features,
1306 1583 249 34 editorials
1585 1583 73 33 and
1688 1581 371 35 advertisements.

1100 1633 73 34 The
1202 1625 265 53 Communique'
1485 1635 123 33 staff
1635 1635 99 32 does
1763 1634 74 31 not
1864 1632 101 33 wish
1994 1633 47 31 to
2070 1633 47 31 be
2148 1631 250 34 identified
2427 1640 46 24 as
2503 1641 23 22 a

1051 1687 198 40 separate
1280 1686 151 42 entity
1455 1686 152 33 within
1636 1685 98 34 this
1764 1684 193 42 college,
1994 1693 47 22 or
2069 1692 47 23 as
2147 1693 22 23 a
2199 1682 173 42 special
2401 1690 125 33 group

1049 1738 48 32 of
1127 1738 197 34 students
1353 1738 74 33 who
1456 1748 98 23 race
1585 1736 149 35 around
1764 1736 72 32 the
1866 1744 148 33 campus
2044 1734 227 43 gathering
2298 1743 117 24 news.
2478 1732 48 32 In172

1052 1790 140 42 stead,
1226 1800 48 24 we
1302 1790 101 34 wish
1433 1799 199 33 everyone
1663 1790 46 32 to
1738 1787 99 33 feel
1867 1788 100 41 they
1993 1796 73 23 are
2095 1788 100 39 part
2224 1786 47 32 of
2300 1796 23 23 a
2352 1785 174 34 "commun172

1050 1841 74 42 ity
1151 1841 196 43 project"
1378 1842 126 33 where
1534 1849 200 34 everyone
1764 1839 276 33 contributes
2072 1838 241 41 something.
2376 1837 48 33 In
2451 1837 119 41 fact,

1048 1901 47 23 we
1124 1893 99 32 will
1252 1894 47 32 be
1330 1893 226 42 expecting
1584 1893 177 41 regular
1789 1891 327 33 contributions
2146 1890 102 32 from
2275 1889 71 32 the
2375 1887 176 43 English

1047 1941 271 42 Department.
1378 1944 78 42 Any
1482 1944 99 41 high
1610 1943 178 43 quality
1815 1942 143 41 theme,
1994 1950 142 32 essay,
2173 1950 47 22 or
2248 1941 150 40 report
2425 1938 100 34 will

1048 1993 48 32 be
1122 2003 101 24 more
1253 1996 98 33 than
1378 1995 221 33 welcomed.

1101 2044 191 35 Service.
1354 2046 124 33 There
1508 2046 46 33 is
1582 2044 231 42 vertually
1838 2053 49 23 no
1916 2043 124 32 limit
2071 2044 47 31 to
2146 2042 74 32 the
2251 2041 171 33 service
2452 2040 72 32 the

1053 2094 119 42 Wayne
1201 2091 265 49 Communique''
1481 2106 74 24 can
1583 2097 169 32 render.
1813 2094 74 33 For
1918 2094 192 41 example:

1101 2139 39 46 a)
1177 2146 47 34 If
1254 2159 22 22 a
1306 2148 173 34 student
1508 2158 47 23 or
1584 2148 176 33 teacher
1788 2146 73 32 has
1890 2145 125 33 books
2044 2145 73 32 for
2149 2143 115 42 sale,
2300 2153 23 22 a
2350 2152 73 23 car
2452 2142 73 32 for

1052 2196 114 42 sale,
1202 2200 201 41 anything
1430 2199 74 32 for
1535 2198 116 41 sale,
1686 2198 48 32 he
1765 2206 47 22 or
1842 2196 71 32 she
1942 2194 251 34 advertises
2224 2194 72 32 the
2324 2193 124 32 facts
2479 2191 47 32 in

1050 2247 71 32 the
1154 2247 120 43 Wayne
1303 2241 274 51 Communique'T

1099 2291 41 45 b)
1178 2298 47 34 If
1252 2310 23 22 a
1305 2300 173 34 student
1507 2300 124 33 needs
1661 2310 24 22 a
1712 2307 101 24 room
1840 2298 47 31 to
1916 2297 118 41 rent,
2069 2295 125 33 needs
2224 2295 46 31 to
2301 2293 122 33 share
2452 2293 73 33 the

1048 2349 98 32 cost
1177 2351 47 31 of
1253 2362 22 22 a
1302 2360 102 24 room
1429 2351 100 33 with
1558 2361 24 22 a
1610 2349 194 41 roomate,
1840 2357 48 23 or
1915 2348 125 32 needs
2070 2357 23 23 a
2121 2345 176 42 regular
2324 2344 98 33 ride
2453 2345 47 31 to

1048 2400 73 33 and
1150 2401 101 33 from
1279 2402 167 41 school,
1481 2402 48 32 he
1559 2411 48 23 or
1637 2401 71 33 she
1737 2398 251 34 advertises
2019 2398 48 32 in
2095 2396 74 32 the
2197 2394 270 43 Communique.

1099 2443 40 47 c)
1177 2451 46 33 If
1252 2453 72 33 the
1354 2452 92 42 SGA,
1481 2453 73 32 the
1582 2451 206 41 Forestry
1813 2449 118 42 Club,
1968 2458 47 23 or
2044 2456 76 33 any
2148 2446 97 33 such
2275 2445 200 42 organiza172

1048 2501 99 33 tion
1173 2503 150 34 wishes
1354 2504 47 32 to
1430 2512 201 24 announce
1660 2512 24 22 a
1708 2500 197 42 meeting,
1943 2507 175 34 sponsor
2146 2507 23 22 a
2196 2497 144 40 dance,
2376 2496 116 40 etc.,

1688 2553 101 40 they
1813 2550 100 33 will
1943 2547 226 36 advertise
2199 2547 48 32 in
2275 2546 72 33 the

1610 2604 21 21 *
1686 2594 277 49 Communique'T

1737 2652 297 40 Furthermore,
2071 2659 75 32 any
2173 2648 225 42 important

1686 2713 98 24 news
1814 2702 125 34 flash
1966 2701 100 33 will
2095 2700 48 32 be
2173 2698 279 42 immediately

1686 2754 175 42 relayed
1892 2754 47 31 to
1969 2753 71 31 the
2072 2751 173 33 student
2273 2750 102 41 body
2399 2749 77 33 via

1686 2816 23 23 a
1741 2805 120 41 Wayne
1890 2793 265 52 Communique'"
2174 2799 172 43 special
2375 2799 73 33 bul172

1686 2856 142 33 letin.
1890 2853 101 33 Soon
2017 2863 49 23 we
2093 2852 101 33 will
2222 2851 98 33 have
2349 2859 152 33 perman172

1689 2907 72 33 ent
1788 2905 305 33 distribution
2122 2903 174 33 centers
2326 2902 48 32 in
2402 2901 72 33 the

1686 2957 203 41 building
1915 2957 126 32 where
2072 2964 126 32 every
2226 2953 172 33 student
2426 2951 99 35 will

1686 3010 48 32 be
1764 3008 98 34 able
1892 3009 47 32 to
1968 3008 73 42 get
2070 3018 23 22 a
2123 3015 100 33 copy
2249 3005 47 33 of
2326 3006 71 33 the
2426 3013 143 35 paper.

1686 3061 74 32 For
1789 3060 73 33 the
1891 3060 98 33 time
2018 3060 143 41 being,
2198 3058 168 43 though,
2402 3058 71 34 all

1683 3113 154 34 matter
1864 3112 254 43 pertaining
2147 3111 46 33 to
2223 3111 72 33 the
2324 3100 261 54 Communique

1686 3167 46 33 is
1762 3166 49 33 to
1838 3166 48 33 be
1917 3164 225 35 submitted
2172 3165 47 32 to
2248 3164 72 34 the
2347 3164 102 34 Dean
2477 3164 48 33 of

1686 3218 218 32 Students.

1738 3267 47 31 In
1816 3268 142 40 short,
1993 3268 72 31 the
2094 3266 124 40 Wayne
2246 3267 253 43 Communique

1685 3316 100 36 will
1814 3316 47 32 be
1891 3317 72 32 the
1990 3317 103 31 most
2119 3317 227 31 versatile
2373 3316 152 32 method

1688 3368 47 34 of
1764 3366 329 33 communication
2122 3364 97 32 this
2250 3365 173 40 college
2452 3366 73 31 has

1687 3427 100 25 ever
1815 3416 219 41 imagined.

1739 3469 48 32 In
1815 3467 118 41 time,
1969 3476 73 23 our
2069 3473 228 33 newspaper
2323 3464 100 32 will
2452 3463 100 33 look

1686 3520 98 34 like
1815 3529 23 22 a
1865 3517 98 34 real
1992 3525 246 33 newspaper.
2303 3514 43 34 We
2374 3515 100 33 will

1685 3573 99 33 have
1814 3569 98 34 real
1942 3567 353 37 advertisements
2325 3566 73 33 and
2428 3574 73 24 our

1687 3632 74 25 own
1787 3630 205 24 newsroom
2021 3618 223 35 somewhere
2275 3627 46 24 on
2350 3624 168 35 campus.

1690 3674 44 33 We
1760 3673 128 42 might
1918 3682 99 24 even
2042 3672 152 32 become
2223 3670 74 32 the
2322 3668 102 34 most

1686 3725 177 45 popular
1891 3723 175 42 college
2095 3730 228 33 newspaper
2352 3720 47 32 in
2428 3719 72 32 the

1688 3777 141 35 state.

1737 3826 322 42 Nevertheless,
2096 3824 72 33 the
2196 3824 100 42 days
2326 3823 48 32 of
2400 3819 178 41 writing

1687 3890 48 24 on
1763 3879 73 33 the
1863 3877 125 34 walls
2018 3877 48 33 at
2098 3874 122 43 Wayne
2247 3873 230 41 Community

1685 3930 176 42 College
1891 3938 72 24 are
1993 3936 98 34 gone
2120 3925 194 33 forever.
2376 3923 76 33 Now
2476 3930 49 23 we

1606 3985 21 21 *
1685 3983 99 33 have
1813 3990 23 23 a
1863 3980 245 41 newspaper!

1993 4081 126 34 Karen
2146 4079 42 35 R.
2224 4077 201 35 Overholt
